@inproceedings{gulwani2011automating,
  author       = "Gulwani, S.",
  title        = "Automating String Processing in Spreadsheets using Input-Output Examples",
  booktitle    = "Proceedings of the 38th ACM SIGPLAN-SIGACT Symposium on Principles of Programming Languages (POPL'11)",
  pages        = "317--330",
  year         = "2011",
  doi          = "10.1145/1926385.1926423"
}

@phdthesis{solar2008program,
  author       = "Solar-Lezama, A.",
  title        = "Program Synthesis by Sketching",
  school       = "University of California, Berkeley",
  year         = "2008"
}

@inproceedings{bodik2007angelic,
  author       = "Bodik, R. and Phothilimthana, P. and Torlak, E.",
  title        = "Angelic Programming",
  booktitle    = "Proceedings of the 4th International Workshop on Practical Aspects of Declarative Languages (PADL'07)",
  pages        = "201--215",
  year         = "2007",
  doi          = "10.1007/978-3-540-69611-7_14"
}

@inproceedings{devlin2017robustfill,
  author       = "Devlin, J. and Bunel, R. and Singh, R. and Hausknecht, M. and Kohli, P.",
  title        = "RobustFill: Neural Program Learning under Noisy I/O",
  booktitle    = "Proceedings of the 34th International Conference on Machine Learning (ICML'17)",
  pages        = "990--998",
  year         = "2017"
}

@inproceedings{balog2017deepcoder,
  author       = "Balog, M. and Gaunt, A. L. and Brockschmidt, M. and Nowozin, S. and Tarlow, D.",
  title        = "DeepCoder: Learning to Write Programs",
  booktitle    = "Proceedings of the 5th International Conference on Learning Representations (ICLR'17)",
  year         = "2017"
}

@article{chen2021evaluating,
  author       = "Chen, M. and Tworek, J. and Jun, H. and Yuan, Q. and Pinto, H. P. de Oliveira and Kaplan, J. and Edwards, H. and Burda, Y. and Joseph, N. and Brockman, G.",
  title        = "Evaluating Large Language Models Trained on Code",
  journal      = "arXiv preprint arXiv:2107.03374",
  year         = "2021"
}

@article{abolafia2018neural,
  author       = "Abolafia, D. A. and Norouzi, M. and Shen, J. and Zhao, R. and Le, Q. V.",
  title        = "Neural Program Synthesis with Priority Queue Training",
  journal      = "arXiv preprint arXiv:1801.03526",
  year         = "2018"
}

@article{reed2015neural,
  author       = "Reed, S. and de Freitas, N.",
  title        = "Neural Programmer-Interpreters",
  journal      = "International Conference on Learning Representations",
  year         = "2015"
}

@article{velivckovic2021neural,
  author       = "Veličković, P. and Blundell, C. and Rae, J.",
  title        = "A Generalist Neural Algorithmic Learner",
  journal      = "International Conference on Learning Representations",
  year         = "2021"
}

@article{zhang2022causal,
  author       = "Zhang, Y. and Bengio, Y.",
  title        = "Neural Algorithmic Reasoning with Causal Regularisation",
  journal      = "Advances in Neural Information Processing Systems",
  year         = "2022"
}

@article{graves2016hybrid,
  author       = "Graves, A. and Wayne, G. and Danihelka, I.",
  title        = "Hybrid computing using a neural network with dynamic external memory",
  journal      = "Nature",
  year         = "2016"
}

@article{graves2014neural,
  author       = "Graves, A. and Wayne, G. and Danihelka, I.",
  title        = "Neural Turing Machines",
  journal      = "arXiv preprint arXiv:1410.5401",
  year         = "2014"
}

@article{alphadev2023,
  author       = "DeepMind",
  title        = "AlphaDev: A General AI System for Optimizing Algorithms",
  journal      = "arXiv preprint arXiv:2305.13550",
  year         = "2023"
}

@article{yang2024qwen25,
  author       = {Yang, A. and others},
  title        = {Qwen2.5 Technical Report},
  note         = {arXiv preprint arXiv:2412.15115},
  year         = {2024},
  doi          = {10.48550/arXiv.2412.15115},
  url          = {https://doi.org/10.48550/arXiv.2412.15115}
}





%%============================================================================%%
%% while using chicago reference style, both abbreviated and expanded form of %%
%% author name format is acceptable. Refer below example for expanded form    %%
%%============================================================================%%

%%  author		= "{Cameron, Deborah}", - single author
%%  author		= "{Saito, Yukio} and {Hyuga, Hiroyuki}", - double author 

%%======================================%%
%% Example for author names with suffix %%
%%======================================%%

%%  author		= "{Price, R. A. Jr} and {Curry, N. {III}} and McCann, K. E. and 
%%					Fielding, J. L. and {Abercrombie, E. Jr}",
