% Use this file for citations not found in the ACL Anthology (contained in "anthology.bib").

@article{Ross2011Dagger,
  title={A Reduction of Imitation Learning and Structured Prediction to No-Regret Online Learning},
  author={ Ross, Stephane  and  Gordon, Geoffrey J.  and  Bagnell, J. Andrew },
  journal={Aistats},
  volume={abs/1011.0686},
  year={2011},
}

@article{rawles2024androidinthewild,
  title={Androidinthewild: A large-scale dataset for android device control},
  author={Rawles, Christopher and Li, Alice and Rodriguez, Daniel and Riva, Oriana and Lillicrap, Timothy},
  journal={Advances in Neural Information Processing Systems},
  volume={36},
  year={2024}
}

@misc{chai2024amex,
      title={AMEX: Android Multi-annotation Expo Dataset for Mobile GUI Agents}, 
      author={Yuxiang Chai and Siyuan Huang and Yazhe Niu and Han Xiao and Liang Liu and Dingyu Zhang and Peng Gao and Shuai Ren and Hongsheng Li},
      year={2024},
      eprint={2407.17490},
      archivePrefix={arXiv},
      primaryClass={cs.HC},
      url={https://arxiv.org/abs/2407.17490}, 
}

@inproceedings{li2024androidcontrol,
  title={On the Effects of Data Scale on UI Control Agents},
  author={Li, Wei and Bishop, William E and Li, Alice and Rawles, Christopher and Campbell-Ajala, Folawiyo and Tyamagundlu, Divya and Riva, Oriana},
  booktitle={The Thirty-eight Conference on Neural Information Processing Systems Datasets and Benchmarks Track},
  year={2024}
}

@article{lee2024bmoca,
  title={Benchmarking Mobile Device Control Agents across Diverse Configurations},
  author={Lee, Juyong and Min, Taywon and An, Minyong and Hahm, Dongyoon and Lee, Haeone and Kim, Changyeon and Lee, Kimin},
  journal={arXiv preprint arXiv:2404.16660},
  year={2024}
}

@inproceedings{xing2024androidarena,
  title={Understanding the weakness of large language model agents within a complex android environment},
  author={Xing, Mingzhe and Zhang, Rongkai and Xue, Hui and Chen, Qi and Yang, Fan and Xiao, Zhen},
  booktitle={Proceedings of the 30th ACM SIGKDD Conference on Knowledge Discovery and Data Mining},
  pages={6061--6072},
  year={2024}
}

@article{rawles2024androidworld,
  title={AndroidWorld: A dynamic benchmarking environment for autonomous agents},
  author={Rawles, Christopher and Clinckemaillie, Sarah and Chang, Yifan and Waltz, Jonathan and Lau, Gabrielle and Fair, Marybeth and Li, Alice and Bishop, William and Li, Wei and Campbell-Ajala, Folawiyo and others},
  journal={arXiv preprint arXiv:2405.14573},
  year={2024}
}

@article{xu2024androidlab,
  title={AndroidLab: Training and Systematic Benchmarking of Android Autonomous Agents},
  author={Xu, Yifan and Liu, Xiao and Sun, Xueqiao and Cheng, Siyi and Yu, Hao and Lai, Hanyu and Zhang, Shudan and Zhang, Dan and Tang, Jie and Dong, Yuxiao},
  journal={arXiv preprint arXiv:2410.24024},
  year={2024}
}

@article{zhang2023mobileenv,
  title={Mobile-env: an evaluation platform and benchmark for LLM-GUI interaction},
  author={Zhang, Danyang and Xu, Hongshen and Zhao, Zihan and Chen, Lu and Cao, Ruisheng and Yu, Kai},
  journal={arXiv preprint arXiv:2305.08144},
  year={2023}
}

@inproceedings{Deka:2017:Rico,
 author = {Deka, Biplab and Huang, Zifeng and Franzen, Chad and Hibschman, Joshua and Afergan, Daniel and Li, Yang and Nichols, Jeffrey and Kumar, Ranjitha},
 title = {Rico: A Mobile App Dataset for Building Data-Driven Design Applications},
 booktitle = {Proceedings of the 30th Annual Symposium on User Interface Software and Technology},
 series = {UIST '17},
 year = {2017},
 keywords = {Mobile app design; design mining; design search; app
datasets},
}

@inproceedings{sunkara-etal-2022-towards,
    title = "Towards Better Semantic Understanding of Mobile Interfaces",
    author = "Sunkara, Srinivas  and
      Wang, Maria  and
      Liu, Lijuan  and
      Baechler, Gilles  and
      Hsiao, Yu-Chung  and
      Chen, Jindong  and
      Sharma, Abhanshu  and
      Stout, James W. W.",
    editor = "Calzolari, Nicoletta  and
      Huang, Chu-Ren  and
      Kim, Hansaem  and
      Pustejovsky, James  and
      Wanner, Leo  and
      Choi, Key-Sun  and
      Ryu, Pum-Mo  and
      Chen, Hsin-Hsi  and
      Donatelli, Lucia  and
      Ji, Heng  and
      Kurohashi, Sadao  and
      Paggio, Patrizia  and
      Xue, Nianwen  and
      Kim, Seokhwan  and
      Hahm, Younggyun  and
      He, Zhong  and
      Lee, Tony Kyungil  and
      Santus, Enrico  and
      Bond, Francis  and
      Na, Seung-Hoon",
    booktitle = "Proceedings of the 29th International Conference on Computational Linguistics",
    month = oct,
    year = "2022",
    address = "Gyeongju, Republic of Korea",
    publisher = "International Committee on Computational Linguistics",
    url = "https://aclanthology.org/2022.coling-1.497",
    pages = "5636--5650",
    
}

@article{burns2021motif,
  title={Mobile app tasks with iterative feedback (motif): Addressing task feasibility in interactive visual environments},
  author={Burns, Andrea and Arsan, Deniz and Agrawal, Sanjna and Kumar, Ranjitha and Saenko, Kate and Plummer, Bryan A},
  journal={arXiv preprint arXiv:2104.08560},
  year={2021}
}

@inproceedings{gubbi-venkatesh-etal-2024-ugif,
    title = "{UGIF}-{D}ata{S}et: A New Dataset for Cross-lingual, Cross-modal Sequential actions on the {UI}",
    author = "Gubbi Venkatesh, Sagar  and
      Talukdar, Partha  and
      Narayanan, Srini",
    editor = "Duh, Kevin  and
      Gomez, Helena  and
      Bethard, Steven",
    booktitle = "Findings of the Association for Computational Linguistics: NAACL 2024",
    month = jun,
    year = "2024",
    address = "Mexico City, Mexico",
    publisher = "Association for Computational Linguistics",
    url = "https://aclanthology.org/2024.findings-naacl.89",
    doi = "10.18653/v1/2024.findings-naacl.89",
    pages = "1390--1399",
}

@inproceedings{zhang-etal-2024-aitz,
    title = "Android in the Zoo: Chain-of-Action-Thought for {GUI} Agents",
    author = "Zhang, Jiwen  and
      Wu, Jihao  and
      Yihua, Teng  and
      Liao, Minghui  and
      Xu, Nuo  and
      Xiao, Xiao  and
      Wei, Zhongyu  and
      Tang, Duyu",
    editor = "Al-Onaizan, Yaser  and
      Bansal, Mohit  and
      Chen, Yun-Nung",
    booktitle = "Findings of the Association for Computational Linguistics: EMNLP 2024",
    month = nov,
    year = "2024",
    address = "Miami, Florida, USA",
    publisher = "Association for Computational Linguistics",
    url = "https://aclanthology.org/2024.findings-emnlp.702",
    doi = "10.18653/v1/2024.findings-emnlp.702",
    pages = "12016--12031",
    
}

@inproceedings{wang2023enabling,
  title={Enabling conversational interaction with mobile ui using large language models},
  author={Wang, Bryan and Li, Gang and Li, Yang},
  booktitle={Proceedings of the 2023 CHI Conference on Human Factors in Computing Systems},
  pages={1--17},
  year={2023}
}

@inproceedings{
gu2024mamba,
title={Mamba: Linear-Time Sequence Modeling with Selective State Spaces},
author={Albert Gu and Tri Dao},
booktitle={First Conference on Language Modeling},
year={2024},
}

@article{touvron2023llama,
  title={Llama: Open and efficient foundation language models},
  author={Touvron, Hugo and Lavril, Thibaut and Izacard, Gautier and Martinet, Xavier and Lachaux, Marie-Anne and Lacroix, Timoth{\'e}e and Rozi{\`e}re, Baptiste and Goyal, Naman and Hambro, Eric and Azhar, Faisal and others},
  journal={arXiv preprint arXiv:2302.13971},
  year={2023}
}

@inproceedings{gur-etal-2023-understanding,
    title = "Understanding {HTML} with Large Language Models",
    author = "Gur, Izzeddin  and
      Nachum, Ofir  and
      Miao, Yingjie  and
      Safdari, Mustafa  and
      Huang, Austin  and
      Chowdhery, Aakanksha  and
      Narang, Sharan  and
      Fiedel, Noah  and
      Faust, Aleksandra",
    editor = "Bouamor, Houda  and
      Pino, Juan  and
      Bali, Kalika",
    booktitle = "Findings of the Association for Computational Linguistics: EMNLP 2023",
    month = dec,
    year = "2023",
    address = "Singapore",
    publisher = "Association for Computational Linguistics",
    url = "https://aclanthology.org/2023.findings-emnlp.185",
    doi = "10.18653/v1/2023.findings-emnlp.185",
    pages = "2803--2821",
}

@article{yang2023appagent,
  publtype={informal},
  author={Chi Zhang and Zhao Yang and Jiaxuan Liu and Yucheng Han and Xin Chen and Zebiao Huang and Bin Fu and Gang Yu},
  title={AppAgent: Multimodal Agents as Smartphone Users},
  year={2023},
  cdate={1672531200000},
  journal={CoRR},
  volume={abs/2312.13771},
  url={https://doi.org/10.48550/arXiv.2312.13771}
}

@InProceedings{pmlr-v235-zheng24e,
  title = 	 {{GPT}-4{V}(ision) is a Generalist Web Agent, if Grounded},
  author =       {Zheng, Boyuan and Gou, Boyu and Kil, Jihyung and Sun, Huan and Su, Yu},
  booktitle = 	 {Proceedings of the 41st International Conference on Machine Learning},
  pages = 	 {61349--61385},
  year = 	 {2024},
  editor = 	 {Salakhutdinov, Ruslan and Kolter, Zico and Heller, Katherine and Weller, Adrian and Oliver, Nuria and Scarlett, Jonathan and Berkenkamp, Felix},
  volume = 	 {235},
  series = 	 {Proceedings of Machine Learning Research},
  month = 	 {21--27 Jul},
  publisher =    {PMLR},
  pdf = 	 {https://raw.githubusercontent.com/mlresearch/v235/main/assets/zheng24e/zheng24e.pdf},
  url = 	 {https://proceedings.mlr.press/v235/zheng24e.html},
  
}

@inproceedings{hong2024cogagent,
  title={Cogagent: A visual language model for gui agents},
  author={Hong, Wenyi and Wang, Weihan and Lv, Qingsong and Xu, Jiazheng and Yu, Wenmeng and Ji, Junhui and Wang, Yan and Wang, Zihan and Dong, Yuxiao and Ding, Ming and others},
  booktitle={Proceedings of the IEEE/CVF Conference on Computer Vision and Pattern Recognition},
  pages={14281--14290},
  year={2024}
}

@article{ding2024mobileagent,
  title={MobileAgent: enhancing mobile control via human-machine interaction and SOP integration},
  author={Ding, Tinghe},
  journal={arXiv preprint arXiv:2401.04124},
  year={2024}
}

@inproceedings{ma2024coco,
  title={Coco-agent: A comprehensive cognitive mllm agent for smartphone gui automation},
  author={Ma, Xinbei and Zhang, Zhuosheng and Zhao, Hai},
  booktitle={Findings of the Association for Computational Linguistics ACL 2024},
  pages={9097--9110},
  year={2024}
}

@inproceedings{chen2024internvl,
  title={Internvl: Scaling up vision foundation models and aligning for generic visual-linguistic tasks},
  author={Chen, Zhe and Wu, Jiannan and Wang, Wenhai and Su, Weijie and Chen, Guo and Xing, Sen and Zhong, Muyan and Zhang, Qinglong and Zhu, Xizhou and Lu, Lewei and others},
  booktitle={Proceedings of the IEEE/CVF Conference on Computer Vision and Pattern Recognition},
  pages={24185--24198},
  year={2024}
}

@article{yang2023set,
  title={Set-of-mark prompting unleashes extraordinary visual grounding in gpt-4v},
  author={Yang, Jianwei and Zhang, Hao and Li, Feng and Zou, Xueyan and Li, Chunyuan and Gao, Jianfeng},
  journal={arXiv preprint arXiv:2310.11441},
  year={2023}
}

@misc{Qwen2.5-VL,
    title = {Qwen2.5-VL},
    url = {https://qwenlm.github.io/blog/qwen2.5-vl/},
    author = {Qwen Team},
    month = {January},
    year = {2025}
}

@article{qin2025ui-tars,
  title={UI-TARS: Pioneering Automated GUI Interaction with Native Agents},
  author={Qin, Yujia and Ye, Yining and Fang, Junjie and Wang, Haoming and Liang, Shihao and Tian, Shizuo and Zhang, Junda and Li, Jiahao and Li, Yunxin and Huang, Shijue and others},
  journal={arXiv preprint arXiv:2501.12326},
  year={2025}
}

@article{liu2025llm,
	doi = {10.20944/preprints202501.0413.v1},
	url = {https://doi.org/10.20944/preprints202501.0413.v1},
	year = 2025,
	month = {January},
	publisher = {Preprints},
	author = {William Liu and Liang Liu and Yaxuan Guo and Han Xiao and Weifeng Lin and Yuxiang Chai and Shuai Ren and Xiaoyu Liang and Linghao Li and Wenhao Wang and Tianze Wu and Yong Liu and Hao Wang and Hongsheng Li and Guanjing Xiong},
	title = {LLM-Powered GUI Agents in Phone Automation: Surveying Progress and Prospects},
	journal = {Preprints}
}