
@misc{ASKCOSwiki,
    title = {The ASKCOS wiki},
    url = {https://gitlab.com/mlpds_mit/askcosv2/askcos-docs/-/wikis/home},
    urldate = {2024-07-09}
}

@misc{BKMS,
    title = {BKMS-react: an integrated and non-redundant biochemical reaction database},
    url = {https://bkms.brenda-enzymes.org/index.php},
    urldate = {2024-08-27}
}

@misc{CASContent,
    title = {The CAS reactions collection},
    url = {https://www.cas.org/cas-data/cas-reactions},
    urldate = {2024-07-08}
}

@misc{ChemBridge,
    title = {ChemBridge: The Gold Standard in Small Molecule Libraries and Building Blocks},
    url = {https://chembridge.com/},
    urldate = {2024-11-05}
}

@misc{Chemical.ai,
    title = {Chemical.ai},
    url = {https://chemical.ai/},
    urldate = {2024-07-08}
}

@misc{ChemiRise,
    title = {ChemiRise},
    url = {https://www.accutarbio.com/chemirise/},
    urldate = {2024-08-27}
}

@misc{ChemPlanner,
    title = {Speed synthetic planning},
    url = {https://www.cas.org/solutions/cas-scifinder-discovery-platform/cas-scifinder/synthesis-planning},
    urldate = {2024-07-08}
}

@misc{Cypress,
    title = {Cypress},
    url = {https://www.cypress.io/},
    urldate = {2024-09-22}
}

@misc{EMolecules,
    title = {eMolecules},
    url = {https://www.emolecules.com/},
    urldate = {2024-11-05}
}

@misc{FastAPI,
    title = {FastAPI},
    url = {https://fastapi.tiangolo.com/},
    urldate = {2024-07-25}
}

@misc{FDAApproval,
    title = {Compilation of CDER New Molecular Entity (NME) Drug and New Biologic Approvals},
    url = {https://www.fda.gov/drugs/drug-approvals-and-databases/compilation-cder-new-molecular-entity-nme-drug-and-new-biologic-approvals/},
    urldate = {2024-10-14}
}

@misc{Indigo,
    title = {Indigo Toolkit},
    url = {https://lifescience.opensource.epam.com/indigo/api/index.html},
    urldate = {2024-07-25}
}

@misc{LabNetwork,
    title = {WuXi LabNetwork},
    url = {https://www.labnetwork.com/},
    urldate = {2024-11-05}
}

@misc{Manifold,
    title = {MANIFOLD},
    url = {https://app.postera.ai/},
    urldate = {2024-08-27}
}

@misc{Mcule,
    title = {Mcule: Advanced Tools to Find and Order Molecules Online},
    url = {https://mcule.com/},
    urldate = {2024-11-05}
}

@misc{MLPDS,
    title = {MLPDS, Machine Learning for Pharmaceutical Discovery and Synthesis Consortium},
    url = {https://mlpds.mit.edu},
    urldate = {2024-07-08}
}

@misc{Molecule.one,
    title = {Molecule.one},
    url = {https://www.molecule.one/},
    urldate = {2024-08-27}
}

@misc{NameRXN,
    title = {NameRxn: Expert System for Named Reaction Identification and Classification},
    url = {https://www.nextmovesoftware.com/namerxn.html},
    urldate = {2024-07-10}
}

@misc{NIHNameResolver,
    title = {Chemical Identifier Resolver from NIH},
    url = {https://cactus.nci.nih.gov/chemical/structure},
    urldate = {2024-11-04}
}

@misc{Pinia,
    title = {Pinia: The intuitive store for Vue.js},
    url = {https://pinia.vuejs.org/},
    urldate = {2024-09-22}
}

@misc{Pistachio,
    title = {The Pistachio dataset},
    url = {https://www.nextmovesoftware.com/pistachio.html},
    urldate = {2024-07-08}
}

@misc{PubChemAPI,
    title = {PUG REST documentation},
    url = {https://pubchem.ncbi.nlm.nih.gov/docs/pug-rest#section=Compound-Property-Tables},
    urldate = {2024-07-09}
}

@misc{PyTorch,
    title = {PyTorch},
    url = {https://pytorch.org/},
    urldate = {2024-07-25}
}

@misc{Reaxys,
    title = {Reaxys},
    url = {https://www.elsevier.com/promotions/chemistry-database},
    urldate = {2024-07-08}
}

@misc{ReaxysRetro,
    title = {Reaxys - Predictive Retrosynthesis},
    url = {https://www.elsevier.com/products/reaxys/predictive-retrosynthesis},
    urldate = {2024-11-18}
}

@misc{RDKit,
    title = {RDKit: Open-Source Cheminformatics Software},
    url = {https://www.rdkit.org/},
    urldate = {2024-07-25}
}

@misc{RXNforChemistry,
    title = {RXN for Chemistry},
    url = {https://rxn.app.accelerate.science/rxn},
    urldate = {2024-07-08}
}

@misc{SigmaAldrich,
    title = {MilliporeSigma},
    url = {https://www.sigmaaldrich.com/},
    urldate = {2024-11-05}
}

@misc{Spaya,
    title = {Spaya},
    url = {https://spaya.ai/},
    urldate = {2024-07-08}
}

@misc{TorchServe,
    title = {TorchServe},
    url = {https://pytorch.org/serve/},
    urldate = {2024-07-25}
}

@misc{WLNRepo,
    title = {The WLN repository},
    url = {https://github.com/wengong-jin/nips17-rexgen/},
    urldate = {2024-10-14}
}

@misc{GLNRepo,
    title = {The GLN repository},
    url = {https://github.com/Hanjun-Dai/GLN/},
    urldate = {2024-10-14}
}

@misc{MTRepo,
    title = {The Molecular Transformer repository},
    url = {https://github.com/pschwllr/MolecularTransformer/},
    urldate = {2024-10-14}
}

@misc{Vue,
    title = {Vue.js},
    url = {https://vuejs.org/},
    urldate = {2024-09-22}
}

@misc{VueRouter,
    title = {VueRouter},
    url = {https://router.vuejs.org/},
    urldate = {2024-09-22}
}

@misc{Vuetify,
    title = {Vuetify},
    url = {https://vuetifyjs.com/},
    urldate = {2024-09-22}
}

@article{anderson_pyrrole_1985,
	title = {Pyrrole chemistry. {XXVIII}. {Substitution} reactions of 1-(phenylsulfonyl)pyrrole and some derivatives},
	volume = {63},
	issn = {0008-4042},
	doi = {10.1139/v85-149},
	number = {4},
	journal = {Canadian Journal of Chemistry},
	author = {Anderson, Hugh J. and Loader, Charles E. and Xu, Ru Xun and Lê, Nghia and Gogan, Niall J. and McDonald, Robert and Edwards, Louise G.},
	month = apr,
	year = {1985},
	note = {Publisher: NRC Research Press},
	pages = {896--902},
}

@article{antonchick_direct_2013,
	title = {Direct {Selective} {Oxidative} {Cross}-{Coupling} of {Simple} {Alkanes} with {Heteroarenes}},
	volume = {52},
	copyright = {Copyright © 2013 WILEY-VCH Verlag GmbH \& Co. KGaA, Weinheim},
	issn = {1521-3773},
	doi = {10.1002/anie.201209584},
	number = {11},
	journal = {Angewandte Chemie International Edition},
	author = {Antonchick, Andrey P. and Burgmann, Lars},
	year = {2013},
	note = {\_eprint: https://onlinelibrary.wiley.com/doi/pdf/10.1002/anie.201209584},
	keywords = {alkanes, cross-coupling, heterocycles, hypervalent iodine, radicals},
	pages = {3267--3271},
}

@article{avila_chemistry_2024,
	title = {Chemistry in a graph: modern insights into commercial organic synthesis planning},
	shorttitle = {Chemistry in a graph},
	doi = {10.1039/D4DD00120F},
	language = {en},
	journal = {Digital Discovery},
	author = {Avila, Claudio and West, Adam and C. Vicini, Anna and Waddington, William and Brearley, Christopher and Clarke, James and M. Derrick, Andrew},
	year = {2024},
	note = {Publisher: Royal Society of Chemistry},
}

@inproceedings{bi_non-autoregressive_2021,
	title = {Non-{Autoregressive} {Electron} {Redistribution} {Modeling} for {Reaction} {Prediction}},
        address = {virtual},
	language = {en},
	booktitle = {Proceedings of the 38th {International} {Conference} on {Machine} {Learning}},
	publisher = {PMLR},
	author = {Bi, Hangrui and Wang, Hengyi and Shi, Chence and Coley, Connor and Tang, Jian and Guo, Hongyu},
	month = jul,
	year = {2021},
	note = {ISSN: 2640-3498},
	keywords = {GCN, non-autoregressive, reaction prediction, Transformer, variational},
	pages = {904--913},
}

@misc{bjerrum_smiles_2017,
	title = {{SMILES} {Enumeration} as {Data} {Augmentation} for {Neural} {Network} {Modeling} of {Molecules}},
	doi = {10.48550/arXiv.1703.07076},
	publisher = {arXiv},
	author = {Bjerrum, Esben Jannik},
	month = may,
	year = {2017},
	note = {arXiv:1703.07076 [cs]},
	keywords = {Computer Science - Machine Learning},
}

@article{boogaard_ring_1994,
	title = {Ring {D} modifications of ellipticine. {Part} 1. {New} ellipticine derivatives from 1-cyano-6-methylellipticine.},
	volume = {50},
	issn = {0040-4020},
	doi = {10.1016/S0040-4020(01)86971-4},
	number = {8},
	journal = {Tetrahedron},
	author = {Boogaard, Adrian T. and Pandit, Upendra K. and Koome, Gerrit-Jan},
	month = feb,
	year = {1994},
	pages = {2551--2560},
}

@inproceedings{bradshaw_generative_2019,
	title = {A {Generative} {Model} {For} {Electron} {Paths}},
	language = {en},
	author = {Bradshaw, John and Kusner, Matt J. and Paige, Brooks and Segler, Marwin H. S. and Hernández-Lobato, José Miguel},
	month = feb,
	year = {2019},
        booktitle = {The Seventh International Conference on Learning Representations},
}

@article{chen_deep_2021,
	title = {Deep {Retrosynthetic} {Reaction} {Prediction} using {Local} {Reactivity} and {Global} {Attention}},
	volume = {1},
	doi = {10.1021/jacsau.1c00246},
	number = {10},
	journal = {JACS Au},
	author = {Chen, Shuan and Jung, Yousung},
	month = oct,
	year = {2021},
	note = {Publisher: American Chemical Society},
	pages = {1612--1620},
}

@article{chen_enhancing_2024,
	title = {Enhancing chemical synthesis: a two-stage deep neural network for predicting feasible reaction conditions},
	volume = {16},
	issn = {1758-2946},
	shorttitle = {Enhancing chemical synthesis},
	doi = {10.1186/s13321-024-00805-4},
	number = {1},
	journal = {Journal of Cheminformatics},
	author = {Chen, Lung-Yi and Li, Yi-Pei},
	month = jan,
	year = {2024},
	keywords = {Multi-label classification, Multi-task modeling, Reaction condition, Recommendation system},
	pages = {11},
}

@article{chen_generalized-template-based_2022,
	title = {A generalized-template-based graph neural network for accurate organic reactivity prediction},
	copyright = {2022 The Author(s), under exclusive licence to Springer Nature Limited},
	issn = {2522-5839},
	doi = {10.1038/s42256-022-00526-z},
	language = {en},
	journal = {Nature Machine Intelligence},
	author = {Chen, Shuan and Jung, Yousung},
	month = sep,
	year = {2022},
	note = {Publisher: Nature Publishing Group},
	keywords = {Cheminformatics, Chemical synthesis, Organic chemistry},
	pages = {1--9},
}

@inproceedings{chen_retro_2020,
	title = {Retro*: {Learning} {Retrosynthetic} {Planning} with {Neural} {Guided} {A}* {Search}},
	shorttitle = {Retro*},
        address = {virtual},
	language = {en},
	booktitle = {Proceedings of the 37th {International} {Conference} on {Machine} {Learning}},
	publisher = {PMLR},
	author = {Chen, Binghong and Li, Chengtao and Dai, Hanjun and Song, Le},
	month = nov,
	year = {2020},
	note = {ISSN: 2640-3498},
	pages = {1608--1616},
}

@article{chung_group_2022,
	title = {Group {Contribution} and {Machine} {Learning} {Approaches} to {Predict} {Abraham} {Solute} {Parameters}, {Solvation} {Free} {Energy}, and {Solvation} {Enthalpy}},
	volume = {62},
	doi = {10.1021/acs.jcim.1c01103},
	number = {3},
	journal = {Journal of Chemical Information and Modeling},
	author = {Chung, Yunsie and H. Vermeire, Florence and Wu, Haoyang and J. Walker, Pierre and Abraham, Michael H. and Green, William H.},
	month = jan,
	year = {2022},
	note = {Publisher: American Chemical Society},
	keywords = {Solubility},
	pages = {433--446},
}

@article{coley_computer-assisted_2017,
	title = {Computer-{Assisted} {Retrosynthesis} {Based} on {Molecular} {Similarity}},
	volume = {3},
	issn = {2374-7943},
	doi = {10.1021/acscentsci.7b00355},
	number = {12},
	journal = {ACS Central Science},
	author = {Coley, Connor W. and Rogers, Luke and Green, William H. and Jensen, Klavs F.},
	month = dec,
	year = {2017},
	note = {Publisher: American Chemical Society},
	pages = {1237--1245},
}

@article{coley_graph-convolutional_2019,
	title = {A graph-convolutional neural network model for the prediction of chemical reactivity},
	volume = {10},
	issn = {2041-6539},
	doi = {10.1039/C8SC04228D},
	language = {en},
	number = {2},
	journal = {Chemical Science},
	author = {Coley, Connor W. and Jin, Wengong and Rogers, Luke and Jamison, Timothy F. and Jaakkola, Tommi S. and Green, William H. and Barzilay, Regina and Jensen, Klavs F.},
	month = jan,
	year = {2019},
	note = {Publisher: The Royal Society of Chemistry},
	pages = {370--377},
}

@article{coley_prediction_2017,
	title = {Prediction of {Organic} {Reaction} {Outcomes} {Using} {Machine} {Learning}},
	volume = {3},
	issn = {2374-7943},
	doi = {10.1021/acscentsci.7b00064},
	number = {5},
	journal = {ACS Central Science},
	author = {Coley, Connor W. and Barzilay, Regina and Jaakkola, Tommi S. and Green, William H. and Jensen, Klavs F.},
	month = may,
	year = {2017},
	note = {Publisher: American Chemical Society},
	pages = {434--443},
}

@article{coley_rdchiral_2019,
	title = {{RDChiral}: {An} {RDKit} {Wrapper} for {Handling} {Stereochemistry} in {Retrosynthetic} {Template} {Extraction} and {Application}},
	volume = {59},
	issn = {1549-9596},
	shorttitle = {{RDChiral}},
	doi = {10.1021/acs.jcim.9b00286},
	number = {6},
	journal = {Journal of Chemical Information and Modeling},
	author = {Coley, Connor W. and Green, William H. and Jensen, Klavs F.},
	month = jun,
	year = {2019},
	note = {Publisher: American Chemical Society},
	pages = {2529--2537},
}

@article{coley_robotic_2019,
	title = {A robotic platform for flow synthesis of organic compounds informed by {AI} planning},
	volume = {365},
	doi = {10.1126/science.aax1566},
	number = {6453},
	journal = {Science},
	author = {Coley, Connor W. and Thomas, Dale A. and Lummiss, Justin A. M. and Jaworski, Jonathan N. and Breen, Christopher P. and Schultz, Victor and Hart, Travis and Fishman, Joshua S. and Rogers, Luke and Gao, Hanyu and Hicklin, Robert W. and Plehiers, Pieter P. and Byington, Joshua and Piotti, John S. and Green, William H. and Hart, A. John and Jamison, Timothy F. and Jensen, Klavs F.},
	month = aug,
	year = {2019},
	note = {Publisher: American Association for the Advancement of Science},
	pages = {eaax1566},
}

@article{coley_scscore_2018,
	title = {{SCScore}: {Synthetic} {Complexity} {Learned} from a {Reaction} {Corpus}},
	volume = {58},
	issn = {1549-9596},
	shorttitle = {{SCScore}},
	doi = {10.1021/acs.jcim.7b00622},
	number = {2},
	journal = {Journal of Chemical Information and Modeling},
	author = {Coley, Connor W. and Rogers, Luke and Green, William H. and Jensen, Klavs F.},
	month = feb,
	year = {2018},
	note = {Publisher: American Chemical Society},
	pages = {252--261},
}

@article{corey_computer-assisted_1969,
	title = {Computer-{Assisted} {Design} of {Complex} {Organic} {Syntheses}},
	volume = {166},
	doi = {10.1126/science.166.3902.178},
	number = {3902},
	journal = {Science},
	author = {Corey, E. J. and Wipke, W. Todd},
	month = oct,
	year = {1969},
	note = {Publisher: American Association for the Advancement of Science},
	pages = {178--192},
}

@article{corey_computer-assisted_1972,
	title = {Computer-assisted synthetic analysis for complex molecules. {Methods} and procedures for machine generation of synthetic intermediates},
	volume = {94},
	issn = {0002-7863},
	doi = {10.1021/ja00757a022},
	number = {2},
	journal = {Journal of the American Chemical Society},
	author = {Corey, E. J. and Cramer, Richard D. III and Howe, W. Jeffrey},
	month = jan,
	year = {1972},
	note = {Publisher: American Chemical Society},
	pages = {440--459},
}

@book{corey_logic_1989,
	title = {The {Logic} of {Chemical} {Synthesis}},
	isbn = {978-0-471-50979-0},
	publisher = {Wiley},
	author = {Corey, E.J. and Cheng, X.M.},
        address = {US},
	year = {1989},
	lccn = {89005335},
}

@article{corey_robert_1988,
	title = {Robert {Robinson} {Lecture}. {Retrosynthetic} thinking—essentials and examples},
	volume = {17},
	issn = {1460-4744},
	doi = {10.1039/CS9881700111},
	language = {en},
	number = {0},
	journal = {Chemical Society Reviews},
	author = {Corey, E. J.},
	month = jan,
	year = {1988},
	note = {Publisher: The Royal Society of Chemistry},
	pages = {111--133},
}

@inproceedings{coulom_efficient_2007,
	address = {Berlin, Heidelberg},
	series = {Lecture {Notes} in {Computer} {Science}},
	title = {Efficient {Selectivity} and {Backup} {Operators} in {Monte}-{Carlo} {Tree} {Search}},
	isbn = {978-3-540-75538-8},
	doi = {10.1007/978-3-540-75538-8_7},
	language = {en},
	booktitle = {Computers and {Games}},
	publisher = {Springer},
	author = {Coulom, Rémi},
	editor = {van den Herik, H. Jaap and Ciancarini, Paolo and Donkers, H. H. L. M. (Jeroen)},
	year = {2007},
	keywords = {Black String, Good Move, Random Game, Random Simulation, Tree Search},
	pages = {72--83},
}

@inproceedings{dai_retrosynthesis_2019,
	title = {Retrosynthesis {Prediction} with {Conditional} {Graph} {Logic} {Network}},
        address = {Vancouver, British Columbia, Canada},
	volume = {32},
	booktitle = {Advances in {Neural} {Information} {Processing} {Systems}},
	publisher = {Curran Associates, Inc.},
	author = {Dai, Hanjun and Li, Chengtao and Coley, Connor and Dai, Bo and Song, Le},
	year = {2019},
	keywords = {EBM, logic model, one-step, retrosynthesis, template-based},
}

@article{elliott_intramolecular_2007,
	title = {The {Intramolecular} {Photometathesis} of {Pyrroles}},
	volume = {129},
	issn = {0002-7863},
	doi = {10.1021/ja070254l},
	number = {11},
	journal = {Journal of the American Chemical Society},
	author = {Elliott, Luke D. and Berry, Malcolm and Orr-Ewing, Andrew J. and Booker-Milburn, Kevin I.},
	month = mar,
	year = {2007},
	note = {Publisher: American Chemical Society},
	pages = {3078--3079},
}

@article{fromer_algorithmic_2024,
	title = {An algorithmic framework for synthetic cost-aware decision making in molecular design},
	volume = {4},
	copyright = {2024 The Author(s), under exclusive licence to Springer Nature America, Inc.},
	issn = {2662-8457},
	doi = {10.1038/s43588-024-00639-y},
	language = {en},
	number = {6},
	journal = {Nature Computational Science},
	author = {Fromer, Jenna C. and Coley, Connor W.},
	month = jun,
	year = {2024},
	note = {Publisher: Nature Publishing Group},
	keywords = {Applied mathematics, Drug discovery and development, Lead optimization},
	pages = {440--450},
}

@article{funatsu_computer-assisted_1988,
	title = {Computer-assisted organic synthesis design and reaction prediction system, “{AIPHOS}”},
	volume = {1},
	issn = {0898-5529},
	doi = {10.1016/0898-5529(88)90006-1},
	number = {1},
	journal = {Tetrahedron Computer Methodology},
	author = {Funatsu, Kimito and Sasaki, Shin-Ichi},
	month = jan,
	year = {1988},
	keywords = {Knowledge base, Reaction data base, Reaction generator, Reaction prediction, Synthesis design},
	pages = {27--37},
}

@inproceedings{gainski_retrogfn_2024,
	title = {{RetroGFN}: {Diverse} and {Feasible} {Retrosynthesis} using {GFlowNets}},
        booktitle = {ICLR 2024 Workshop on Generative and Experimental Perspectives for Biomolecular Design},
	shorttitle = {{RetroGFN}},
	language = {en},
	author = {Gaiński, Piotr and Koziarski, Michał and Maziarz, Krzysztof and Segler, Marwin and Tabor, Jacek and Śmieja, Marek},
	month = apr,
	year = {2024},
}

@article{gao_using_2018,
	title = {Using {Machine} {Learning} {To} {Predict} {Suitable} {Conditions} for {Organic} {Reactions}},
	volume = {4},
	issn = {2374-7943},
	doi = {10.1021/acscentsci.8b00357},
	number = {11},
	journal = {ACS Central Science},
	author = {Gao, Hanyu and Struble, Thomas J. and Coley, Connor W. and Wang, Yuran and Green, William H. and Jensen, Klavs F.},
	month = nov,
	year = {2018},
	note = {Publisher: American Chemical Society},
	pages = {1465--1476},
}

@inproceedings{gasteiger_wodca_1990,
	address = {Berlin, Heidelberg},
	title = {The {WODCA} {System}},
	isbn = {978-3-642-75430-2},
	doi = {10.1007/978-3-642-75430-2_7},
	language = {en},
	booktitle = {Software {Development} in {Chemistry} 4},
	publisher = {Springer},
	author = {Gasteiger, J. and Ihlenfeldt, W. D.},
	editor = {Gasteiger, Johann},
	year = {1990},
	keywords = {Bond Dissociation Energy, Data Base Management, Display Program, External Program, Main Program},
	pages = {57--65},
}

@article{genheden_aizynthfinder_2020,
	title = {{AiZynthFinder}: a fast, robust and flexible open-source software for retrosynthetic planning},
	volume = {12},
	issn = {1758-2946},
	shorttitle = {{AiZynthFinder}},
	doi = {10.1186/s13321-020-00472-1},
	number = {1},
	journal = {Journal of Cheminformatics},
	author = {Genheden, Samuel and Thakkar, Amol and Chadimová, Veronika and Reymond, Jean-Louis and Engkvist, Ola and Bjerrum, Esben},
	month = nov,
	year = {2020},
	keywords = {Retrosynthesis, CASP, Monte Carlo tree-search, Neural network, Retrosynthesis planning software},
	pages = {70},
}

@article{genheden_aizynthtrain_2023,
	title = {{AiZynthTrain}: {Robust}, {Reproducible}, and {Extensible} {Pipelines} for {Training} {Synthesis} {Prediction} {Models}},
	volume = {63},
	issn = {1549-9596},
	shorttitle = {{AiZynthTrain}},
	doi = {10.1021/acs.jcim.2c01486},
	number = {7},
	journal = {Journal of Chemical Information and Modeling},
	author = {Genheden, Samuel and Norrby, Per-Ola and Engkvist, Ola},
	month = apr,
	year = {2023},
	note = {Publisher: American Chemical Society},
	pages = {1841--1846},
}

@article{gessner_synthesis_1985,
	title = {Synthesis and dihydropteridine reductase inhibitory effects of potential metabolites of the neurotoxin 1-methyl-4-phenyl-1,2,3,6-tetrahydropyridine},
	volume = {28},
	issn = {0022-2623},
	doi = {10.1021/jm00381a009},
	number = {3},
	journal = {Journal of Medicinal Chemistry},
	author = {Gessner, Wieslaw and Brossi, Arnold and Shen, Rong Sen and Abell, Creed W.},
	month = mar,
	year = {1985},
	note = {Publisher: American Chemical Society},
	pages = {311--317},
}

@article{griffin_opportunities_2023,
	title = {Opportunities for {Machine} {Learning} and {Artificial} {Intelligence} to {Advance} {Synthetic} {Drug} {Substance} {Process} {Development}},
	issn = {1083-6160},
	doi = {10.1021/acs.oprd.3c00229},
	journal = {Organic Process Research \& Development},
	author = {Griffin, Daniel J. and Coley, Connor W. and Frank, Scott A. and Hawkins, Joel M. and Jensen, Klavs F.},
	month = sep,
	year = {2023},
	note = {Publisher: American Chemical Society},
}

@article{grzybowski_chematica_2018,
	title = {Chematica: {A} {Story} of {Computer} {Code} {That} {Started} to {Think} like a {Chemist}},
	volume = {4},
	issn = {2451-9294, 2451-9308},
	shorttitle = {Chematica},
	doi = {10.1016/j.chempr.2018.02.024},
	language = {English},
	number = {3},
	journal = {Chem},
	author = {Grzybowski, Bartosz A. and Szymkuć, Sara and Gajewska, Ewa P. and Molga, Karol and Dittwald, Piotr and Wołos, Agnieszka and Klucznik, Tomasz},
	month = mar,
	year = {2018},
	note = {Publisher: Elsevier},
	pages = {390--398},
}

@article{guan_regio-selectivity_2021,
	title = {Regio-selectivity prediction with a machine-learned reaction representation and on-the-fly quantum mechanical descriptors},
	volume = {12},
	issn = {2041-6539},
	doi = {10.1039/D0SC04823B},
	language = {en},
	number = {6},
	journal = {Chemical Science},
	author = {Guan, Yanfei and Coley, Connor W. and Wu, Haoyang and Ranasinghe, Duminda and Heid, Esther and Struble, Thomas J. and Pattanaik, Lagnajit and Green, William H. and Jensen, Klavs F.},
	month = feb,
	year = {2021},
	note = {Publisher: The Royal Society of Chemistry},
	pages = {2198--2208},
}

@inproceedings{heifets_construction_2012,
	address = {Toronto, Ontario, Canada},
	series = {{AAAI}'12},
	title = {Construction of new medicines via game proof search},
	booktitle = {Proceedings of the {Twenty}-{Sixth} {AAAI} {Conference} on {Artificial} {Intelligence}},
	publisher = {AAAI Press},
	author = {Heifets, Abraham and Jurisica, Igor},
	month = jul,
	year = {2012},
	pages = {1564--1570},
}

@article{hirama_carbamate_1982,
	title = {Carbamate mediated 1,3-asymmetric induction. {A} stereoselective synthesis of acyclic 1,3-diol systems},
	volume = {23},
	issn = {0040-4039},
	doi = {10.1016/S0040-4039(00)85825-6},
	number = {50},
	journal = {Tetrahedron Letters},
	author = {Hirama, Masahiro and Uei, Mitsuko},
	month = jan,
	year = {1982},
	pages = {5307--5310},
}

@incollection{hoffmann_ranking_2009,
	address = {Berlin, Heidelberg},
	title = {Ranking of {Synthesis} {Plans}},
	isbn = {978-3-540-79220-8},
	language = {en},
	booktitle = {Elements of {Synthesis} {Planning}},
	publisher = {Springer},
	author = {Hoffmann, R.W.},
	editor = {Hoffmann, R.W.},
	year = {2009},
	doi = {10.1007/978-3-540-79220-8_8},
	keywords = {Convergent Synthesis, Ideal Synthesis, Step Count, Synthesis Sequence, Synthetic Sequence},
	pages = {133--144},
}

@article{hong_retrosynthetic_2023,
	title = {Retrosynthetic planning with experience-guided {Monte} {Carlo} tree search},
	volume = {6},
	copyright = {2023 The Author(s)},
	issn = {2399-3669},
	doi = {10.1038/s42004-023-00911-8},
	language = {en},
	number = {1},
	journal = {Communications Chemistry},
	author = {Hong, Siqi and Zhuo, Hankz Hankui and Jin, Kebing and Shao, Guang and Zhou, Zhanwen},
	month = jun,
	year = {2023},
	note = {Publisher: Nature Publishing Group},
	keywords = {Biosynthesis, Cheminformatics, Computational chemistry, Method development, Synthetic chemistry methodology},
	pages = {1--14},
}

@article{ibrahim_identification_2020,
	title = {Identification of a new series of flavopiridol-like structures as kinase inhibitors with high cytotoxic potency},
	volume = {199},
	issn = {0223-5234},
	doi = {10.1016/j.ejmech.2020.112355},
	journal = {European Journal of Medicinal Chemistry},
	author = {Ibrahim, Nada and Bonnet, Pascal and Brion, Jean-Daniel and Peyrat, Jean-François and Bignon, Jerome and Levaique, Helene and Josselin, Béatrice and Robert, Thomas and Colas, Pierre and Bach, Stéphane and Messaoudi, Samir and Alami, Mouad and Hamze, Abdallah},
	month = aug,
	year = {2020},
	keywords = {CDK10, CDK9, Cytotoxicity, Kinase inhibitors, Kinases, Structure-activity relationship},
	pages = {112355},
}

@inproceedings{igashov_retrobridge_2023,
	title = {{RetroBridge}: {Modeling} {Retrosynthesis} with {Markov} {Bridges}},
	shorttitle = {{RetroBridge}},
	language = {en},
	author = {Igashov, Ilia and Schneuing, Arne and Segler, Marwin and Bronstein, Michael M. and Correia, Bruno},
	month = oct,
	year = {2023},
        booktitle = {The Twelfth International Conference on Learning Representations},
}

@article{kekessie_process_2024,
	title = {Process {Mass} {Intensity} ({PMI}): {A} {Holistic} {Analysis} of {Current} {Peptide} {Manufacturing} {Processes} {Informs} {Sustainability} in {Peptide} {Synthesis}},
	volume = {89},
	issn = {0022-3263},
	shorttitle = {Process {Mass} {Intensity} ({PMI})},
	doi = {10.1021/acs.joc.3c01494},
	number = {7},
	journal = {The Journal of Organic Chemistry},
	author = {Kekessie, Ivy and Wegner, Katarzyna and Martinez, Isamir and Kopach, Michael E. and White, Timothy D. and Tom, Janine K. and Kenworthy, Martin N. and Gallou, Fabrice and Lopez, John and Koenig, Stefan G. and Payne, Philippa R. and Eissler, Stefan and Arumugam, Balasubramanian and Li, Changfeng and Mukherjee, Subha and Isidro-Llobet, Albert and Ludemann-Hombourger, Olivier and Richardson, Paul and Kittelmann, Jörg and Sejer Pedersen, Daniel and van den Bos, Leendert J.},
	month = apr,
	year = {2024},
	note = {Publisher: American Chemical Society},
	pages = {4261--4282},
}

@inproceedings{kim_self-improved_2021,
	title = {Self-{Improved} {Retrosynthetic} {Planning}},
        address = {virtual},
	language = {en},
	booktitle = {Proceedings of the 38th {International} {Conference} on {Machine} {Learning}},
	publisher = {PMLR},
	author = {Kim, Junsu and Ahn, Sungsoo and Lee, Hankook and Shin, Jinwoo},
	month = jul,
	year = {2021},
	note = {ISSN: 2640-3498},
	pages = {5486--5495},
}

@inproceedings{kishimoto_depth-first_2019,
	title = {Depth-{First} {Proof}-{Number} {Search} with {Heuristic} {Edge} {Cost} and {Application} to {Chemical} {Synthesis} {Planning}},
	volume = {32},
        address = {Vancouver, British Columbia, Canada},
	booktitle = {Advances in {Neural} {Information} {Processing} {Systems}},
	publisher = {Curran Associates, Inc.},
	author = {Kishimoto, Akihiro and Buesser, Beat and Chen, Bei and Botea, Adi},
	year = {2019},
}

@inproceedings{klein_opennmt_2017,
	address = {Vancouver, Canada},
	title = {{OpenNMT}: {Open}-{Source} {Toolkit} for {Neural} {Machine} {Translation}},
	shorttitle = {{OpenNMT}},
	booktitle = {Proceedings of {ACL} 2017, {System} {Demonstrations}},
	publisher = {Association for Computational Linguistics},
	author = {Klein, Guillaume and Kim, Yoon and Deng, Yuntian and Senellart, Jean and Rush, Alexander},
	editor = {Bansal, Mohit and Ji, Heng},
	month = jul,
	year = {2017},
	pages = {67--72},
}

@article{klucznik_efficient_2018,
	title = {Efficient {Syntheses} of {Diverse}, {Medicinally} {Relevant} {Targets} {Planned} by {Computer} and {Executed} in the {Laboratory}},
	volume = {4},
	issn = {2451-9294, 2451-9308},
	doi = {10.1016/j.chempr.2018.02.002},
	language = {English},
	number = {3},
	journal = {Chem},
	author = {Klucznik, Tomasz and Mikulak-Klucznik, Barbara and McCormack, Michael P. and Lima, Heather and Szymkuć, Sara and Bhowmick, Manishabrata and Molga, Karol and Zhou, Yubai and Rickershauser, Lindsey and Gajewska, Ewa P. and Toutchkine, Alexei and Dittwald, Piotr and Startek, Michał P. and Kirkovits, Gregory J. and Roszak, Rafał and Adamski, Ariel and Sieredzińska, Bianka and Mrksich, Milan and Trice, Sarah L. J. and Grzybowski, Bartosz A.},
	month = mar,
	year = {2018},
	note = {Publisher: Elsevier},
	keywords = {Chematica, SDG9: Industry, and infrastructure, artificial intelligence, chemical networks and graphs, computer-assisted synthesis, innovation, large-scale calculations, organic synthesis},
	pages = {522--532},
}

@inproceedings{kocsis_bandit_2006,
	address = {Berlin, Heidelberg},
	series = {{ECML}'06},
	title = {Bandit based monte-carlo planning},
	isbn = {978-3-540-45375-8},
	doi = {10.1007/11871842_29},
	booktitle = {Proceedings of the 17th {European} conference on {Machine} {Learning}},
	publisher = {Springer-Verlag},
	author = {Kocsis, Levente and Szepesvári, Csaba},
	month = sep,
	year = {2006},
	pages = {282--293},
}

@article{koovits_conformationally_2016,
	title = {Conformationally {Driven} {Two}- and {Three}-{Photon} {Cascade} {Processes} in the {Stereoselective} {Photorearrangement} of {Pyrroles}},
	volume = {18},
	issn = {1523-7060},
	doi = {10.1021/acs.orglett.6b02829},
	number = {21},
	journal = {Organic Letters},
	author = {Koovits, Paul J. and Knowles, Jonathan P. and Booker-Milburn, Kevin I.},
	month = nov,
	year = {2016},
	note = {Publisher: American Chemical Society},
	pages = {5608--5611},
}

@article{koscher_autonomous_2023,
	title = {Autonomous, multiproperty-driven molecular discovery: {From} predictions to measurements and back},
	volume = {382},
	shorttitle = {Autonomous, multiproperty-driven molecular discovery},
	doi = {10.1126/science.adi1407},
	number = {6677},
	journal = {Science},
	author = {Koscher, Brent A. and Canty, Richard B. and McDonald, Matthew A. and Greenman, Kevin P. and McGill, Charles J. and Bilodeau, Camille L. and Jin, Wengong and Wu, Haoyang and Vermeire, Florence H. and Jin, Brooke and Hart, Travis and Kulesza, Timothy and Li, Shih-Cheng and Jaakkola, Tommi S. and Barzilay, Regina and Gómez-Bombarelli, Rafael and Green, William H. and Jensen, Klavs F.},
	month = dec,
	year = {2023},
	note = {Publisher: American Association for the Advancement of Science},
	pages = {eadi1407},
}

@article{kreutter_multistep_2023,
	title = {Multistep retrosynthesis combining a disconnection aware triple transformer loop with a route penalty score guided tree search},
	volume = {14},
	issn = {2041-6539},
	doi = {10.1039/D3SC01604H},
	language = {en},
	number = {36},
	journal = {Chemical Science},
	author = {Kreutter, David and Reymond, Jean-Louis},
	month = sep,
	year = {2023},
	note = {Publisher: The Royal Society of Chemistry},
	pages = {9959--9969},
}

@article{kwon_generative_2022,
	title = {Generative {Modeling} to {Predict} {Multiple} {Suitable} {Conditions} for {Chemical} {Reactions}},
	issn = {1549-9596},
	doi = {10.1021/acs.jcim.2c01085},
	journal = {Journal of Chemical Information and Modeling},
	author = {Kwon, Youngchun and Kim, Sun and Choi, Youn-Suk and Kang, Seokho},
	month = nov,
	year = {2022},
	note = {Publisher: American Chemical Society},
}

@article{kuznetsov_extractionscore_2021,
	title = {{ExtractionScore}: {A} {Quantitative} {Framework} for {Evaluating} {Synthetic} {Routes} on {Predicted} {Liquid}–{Liquid} {Extraction} {Performance}},
	volume = {61},
	issn = {1549-9596},
	shorttitle = {{ExtractionScore}},
	doi = {10.1021/acs.jcim.0c01426},
	number = {5},
	journal = {Journal of Chemical Information and Modeling},
	author = {Kuznetsov, Anatoliy and Sahinidis, Nikolaos V.},
	month = may,
	year = {2021},
	note = {Publisher: American Chemical Society},
	pages = {2274--2282}
}

@article{lee_molecular_2019,
	title = {Molecular {Transformer} unifies reaction prediction and retrosynthesis across pharma chemical space},
	volume = {55},
	issn = {1364-548X},
	doi = {10.1039/C9CC05122H},
	language = {en},
	number = {81},
	journal = {Chemical Communications},
	author = {Lee, Alpha A. and Yang, Qingyi and Sresht, Vishnu and Bolgar, Peter and Hou, Xinjun and Klug-McLeod, Jacquelyn L. and Butler, Christopher R.},
	month = oct,
	year = {2019},
	note = {Publisher: The Royal Society of Chemistry},
	pages = {12152--12155},
}
@article{henry1989mitsunobu,
  title={Mitsunobu reactions of n-alkyl and n-acyl sulfonamides-an efficient route to protected amines},
  author={Henry, James R and Marcin, Lawrence R and McIntosh, Matthias C and Scola, Paul M and Harris Jr, G Davis and Weinreb, Steven M},
  journal={Tetrahedron letters},
  volume={30},
  number={42},
  pages={5709--5712},
  year={1989},
  publisher={Elsevier}
}
@article{levin_computer-aided_2023,
	title = {Computer-aided evaluation and exploration of chemical spaces constrained by reaction pathways},
	volume = {69},
	copyright = {© 2023 The Authors. AIChE Journal published by Wiley Periodicals LLC on behalf of American Institute of Chemical Engineers.},
	issn = {1547-5905},
	doi = {10.1002/aic.18234},
	language = {en},
	number = {12},
	journal = {AIChE Journal},
	author = {Levin, Itai and Fortunato, Michael E. and Tan, Kian L. and Coley, Connor W.},
	year = {2023},
	keywords = {cheminformatics, drug discovery, molecular design, synthesis planning},
	pages = {e18234},
}

@article{levin_merging_2022,
	title = {Merging enzymatic and synthetic chemistry with computational synthesis planning},
	volume = {13},
	copyright = {2022 The Author(s)},
	issn = {2041-1723},
	doi = {10.1038/s41467-022-35422-y},
	language = {en},
	number = {1},
	journal = {Nature Communications},
	author = {Levin, Itai and Liu, Mengjie and Voigt, Christopher A. and Coley, Connor W.},
	month = dec,
	year = {2022},
	note = {Number: 1
Publisher: Nature Publishing Group},
	keywords = {Biosynthesis, Chemical synthesis, Cheminformatics},
	pages = {7747},
}

@article{li_making_2019,
	title = {Making better decisions during synthetic route design: leveraging prediction to achieve greenness-by-design},
	volume = {4},
	issn = {2058-9883},
	shorttitle = {Making better decisions during synthetic route design},
	doi = {10.1039/C9RE00019D},
	language = {en},
	number = {9},
	journal = {Reaction Chemistry \& Engineering},
	author = {Li, Jun and Eastgate, Martin D.},
	month = aug,
	year = {2019},
	note = {Publisher: The Royal Society of Chemistry},
	pages = {1595--1607},
}

@article{stuyver2022quantum,
  title={Quantum chemistry-augmented neural networks for reactivity prediction: Performance, generalizability, and explainability},
  author={Stuyver, Thijs and Coley, Connor W},
  journal={The Journal of Chemical Physics},
  volume={156},
  number={8},
  year={2022},
  publisher={AIP Publishing}
}


@article{li_when_2024,
	title = {When {Do} {Quantum} {Mechanical} {Descriptors} {Help} {Graph} {Neural} {Networks} to {Predict} {Chemical} {Properties}?},
	volume = {146},
	issn = {0002-7863},
	doi = {10.1021/jacs.4c04670},
	number = {33},
	journal = {Journal of the American Chemical Society},
	author = {Li, Shih-Cheng and Wu, Haoyang and Menon, Angiras and Spiekermann, Kevin A. and Li, Yi-Pei and Green, William H.},
	month = aug,
	year = {2024},
	note = {Publisher: American Chemical Society},
	pages = {23103--23120},
}

@article{lin_automatic_2020,
	title = {Automatic retrosynthetic route planning using template-free models},
	volume = {11},
	issn = {2041-6539},
	doi = {10.1039/C9SC03666K},
	language = {en},
	number = {12},
	journal = {Chemical Science},
	author = {Lin, Kangjie and Xu, Youjun and Pei, Jianfeng and Lai, Luhua},
	month = mar,
	year = {2020},
	note = {Publisher: The Royal Society of Chemistry},
	pages = {3355--3364},
}

@inproceedings{liu_fusionretro_2023,
	title = {{FusionRetro}: {Molecule} {Representation} {Fusion} via {In}-{Context} {Learning} for {Retrosynthetic} {Planning}},
	shorttitle = {{FusionRetro}},
        address = {Honolulu, Hawaii, US},
	language = {en},
	booktitle = {Proceedings of the 40th {International} {Conference} on {Machine} {Learning}},
	publisher = {PMLR},
	author = {Liu, Songtao and Tu, Zhengkai and Xu, Minkai and Zhang, Zuobai and Lin, Lu and Ying, Rex and Tang, Jian and Zhao, Peilin and Wu, Dinghao},
	month = jul,
	year = {2023},
	note = {ISSN: 2640-3498},
	pages = {22028--22041},
}

@inproceedings{liu_retrosynthetic_2023,
	title = {Retrosynthetic {Planning} with {Dual} {Value} {Networks}},
        address = {Honolulu, Hawaii, US},
	language = {en},
	booktitle = {Proceedings of the 40th {International} {Conference} on {Machine} {Learning}},
	publisher = {PMLR},
	author = {Liu, Guoqing and Xue, Di and Xie, Shufang and Xia, Yingce and Tripp, Austin and Maziarz, Krzysztof and Segler, Marwin and Qin, Tao and Zhang, Zongzhang and Liu, Tie-Yan},
	month = jul,
	year = {2023},
	note = {ISSN: 2640-3498},
	pages = {22266--22276},
}

@phdthesis{lowe_extraction_2012,
	type = {Thesis},
	title = {Extraction of chemical structures and reactions from the literature},
	copyright = {All Rights Reserved},
	language = {en},
	school = {University of Cambridge},
	author = {Lowe, Daniel Mark},
	month = oct,
	year = {2012},
	doi = {10.17863/CAM.16293},
	note = {Accepted: 2013-07-23T08:23:10Z},
}

@misc{mahjour_ideation_2024,
	title = {Ideation and {Evaluation} of {Novel} {Multicomponent} {Reactions} via {Mechanistic} {Network} {Analysis} and {Automation}},
	copyright = {https://creativecommons.org/licenses/by-nc-nd/4.0/},
	doi = {10.26434/chemrxiv-2024-qfjh9-v2},
	language = {en},
	author = {Mahjour, Babak and Lu, Juncheng and Fromer, Jenna and Casetti, Nicholas and Coley, Connor},
	month = sep,
	year = {2024},
}

@article{marcou_expert_2015,
	title = {Expert {System} for {Predicting} {Reaction} {Conditions}: {The} {Michael} {Reaction} {Case}},
	volume = {55},
	issn = {1549-9596},
	shorttitle = {Expert {System} for {Predicting} {Reaction} {Conditions}},
	doi = {10.1021/ci500698a},
	number = {2},
	journal = {Journal of Chemical Information and Modeling},
	author = {Marcou, G. and Aires de Sousa, J. and Latino, D. A. R. S. and de Luca, A. and Horvath, D. and Rietsch, V. and Varnek, A.},
	month = feb,
	year = {2015},
	note = {Publisher: American Chemical Society},
	pages = {239--250},
}

@article{mcelvain_piperidine_1955,
	title = {Piperidine {Derivatives}. {XXVII}. {The} {Condensation} of 4-{Piperidones} and {Piperidinols} with {Phenols}},
	volume = {77},
	issn = {0002-7863},
	doi = {10.1021/ja01615a054},
	number = {10},
	journal = {Journal of the American Chemical Society},
	author = {McElvain, S. M. and Berger, Richard S.},
	month = may,
	year = {1955},
	note = {Publisher: American Chemical Society},
	pages = {2848--2850},
}

@article{mcgreal_condensations_1939,
	title = {Condensations of {Ketones} with {Phenols}},
	volume = {61},
	issn = {0002-7863},
	doi = {10.1021/ja01871a032},
	number = {2},
	journal = {Journal of the American Chemical Society},
	author = {McGreal, Martin E. and Niederl, Victor. and Niederl, Joseph B.},
	month = feb,
	year = {1939},
	note = {Publisher: American Chemical Society},
	pages = {345--348},
}

@article{mikulak-klucznik_computational_2020,
	title = {Computational planning of the synthesis of complex natural products},
	volume = {588},
	copyright = {2020 The Author(s), under exclusive licence to Springer Nature Limited},
	issn = {1476-4687},
	doi = {10.1038/s41586-020-2855-y},
	language = {en},
	number = {7836},
	journal = {Nature},
	author = {Mikulak-Klucznik, Barbara and Gołebiowska, Patrycja and Bayly, Alison A. and Popik, Oskar and Klucznik, Tomasz and Szymkuć, Sara and Gajewska, Ewa P. and Dittwald, Piotr and Staszewska-Krajewska, Olga and Beker, Wiktor and Badowski, Tomasz and Scheidt, Karl A. and Molga, Karol and Mlynarski, Jacek and Mrksich, Milan and Grzybowski, Bartosz A.},
	month = dec,
	year = {2020},
	note = {Number: 7836
Publisher: Nature Publishing Group},
	keywords = {Automation, Chemical synthesis, Cheminformatics, Natural product synthesis, notion},
	pages = {83--88},
}

@article{maser_multilabel_2021,
	title = {Multilabel {Classification} {Models} for the {Prediction} of {Cross}-{Coupling} {Reaction} {Conditions}},
	volume = {61},
	issn = {1549-9596},
	doi = {10.1021/acs.jcim.0c01234},
	number = {1},
	journal = {Journal of Chemical Information and Modeling},
	author = {Maser, Michael R. and Cui, Alexander Y. and Ryou, Serim and DeLano, Travis J. and Yue, Yisong and Reisman, Sarah E.},
	month = jan,
	year = {2021},
	note = {Publisher: American Chemical Society},
	pages = {156--166},
}

@article{maziarz_re-evaluating_2024,
	title = {Re-evaluating {Retrosynthesis} {Algorithms} with {Syntheseus}},
	issn = {1364-5498},
	doi = {10.1039/D4FD00093E},
	language = {en},
	journal = {Faraday Discussions},
	author = {Maziarz, Krzysztof and Tripp, Austin and Liu, Guoqing and Stanley, Megan and Xie, Shufang and Gainski, Piotr and Seidl, Philipp and Segler, Marwin},
	month = aug,
	year = {2024},
	note = {Publisher: The Royal Society of Chemistry},
}

@article{mo_evaluating_2021,
	title = {Evaluating and clustering retrosynthesis pathways with learned strategy},
	volume = {12},
	issn = {2041-6539},
	doi = {10.1039/D0SC05078D},
	language = {en},
	number = {4},
	journal = {Chemical Science},
	author = {Mo, Yiming and Guan, Yanfei and Verma, Pritha and Guo, Jiang and Fortunato, Mike E. and Lu, Zhaohong and Coley, Connor W. and Jensen, Klavs F.},
	month = feb,
	year = {2021},
	note = {Publisher: The Royal Society of Chemistry},
	pages = {1469--1478},
}

@article{murthi_structureactivity_2000,
	title = {Structure–activity relationship studies of flavopiridol analogues},
	volume = {10},
	issn = {0960-894X},
	doi = {10.1016/S0960-894X(00)00156-6},
	number = {10},
	journal = {Bioorganic \& Medicinal Chemistry Letters},
	author = {Murthi, Krishna K. and Dubay, Marja and McClure, Christopher and Brizuela, Leonardo and Boisclair, Michael D. and Worland, Peter J. and Mansuri, Muzammil M. and Pal, Kollol},
	month = may,
	year = {2000},
	pages = {1037--1041},
}

@article{nambiar_bayesian_2022,
	title = {Bayesian {Optimization} of {Computer}-{Proposed} {Multistep} {Synthetic} {Routes} on an {Automated} {Robotic} {Flow} {Platform}},
	volume = {8},
	issn = {2374-7943},
	doi = {10.1021/acscentsci.2c00207},
	number = {6},
	journal = {ACS Central Science},
	author = {Nambiar, Anirudh M. K. and Breen, Christopher P. and Hart, Travis and Kulesza, Timothy and Jamison, Timothy F. and Jensen, Klavs F.},
	month = jun,
	year = {2022},
	note = {Publisher: American Chemical Society},
	pages = {825--836},
}

@article{neves_global_2023,
	title = {Global reactivity models are impactful in industrial synthesis applications},
	volume = {15},
	issn = {1758-2946},
	doi = {10.1186/s13321-023-00685-0},
	number = {1},
	journal = {Journal of Cheminformatics},
	author = {Neves, Paulo and McClure, Kelly and Verhoeven, Jonas and Dyubankova, Natalia and Nugmanov, Ramil and Gedich, Andrey and Menon, Sairam and Shi, Zhicai and Wegner, Jörg K.},
	month = feb,
	year = {2023},
	pages = {20},
}

@article{ornstein_4-tetrazolylalkylpiperidine-2-carboxylic_1991,
	title = {4-({Tetrazolylalkyl})piperidine-2-carboxylic acids. {Potent} and selective {N}-methyl-{D}-aspartic acid receptor antagonists with a short duration of action},
	volume = {34},
	issn = {0022-2623},
	doi = {10.1021/jm00105a016},
	number = {1},
	journal = {Journal of Medicinal Chemistry},
	author = {Ornstein, Paul L. and Schoepp, Darryle D. and Arnold, M. Brian and Leander, J. David and Lodge, David and Paschal, Jonathan W. and Elzey, Tom},
	month = jan,
	year = {1991},
	note = {Publisher: American Chemical Society},
	pages = {90--97},
}

@article{pasquini2023linchemin,
  title={LinChemIn: SynGraph—a data model and a toolkit to analyze and compare synthetic routes},
  author={Pasquini, Marta and Stenta, Marco},
  journal={Journal of Cheminformatics},
  volume={15},
  number={1},
  pages={41},
  year={2023},
  publisher={Springer}
}

@article{price_orally_2018,
	title = {An orally available, brain-penetrant {CAMKK2} inhibitor reduces food intake in rodent model},
	volume = {28},
	issn = {0960-894X},
	doi = {10.1016/j.bmcl.2018.03.034},
	number = {10},
	journal = {Bioorganic \& Medicinal Chemistry Letters},
	author = {Price, Daniel J. and Drewry, David H. and Schaller, Lee T. and Thompson, Brian D. and Reid, Paul R. and Maloney, Patrick R. and Liang, Xi and Banker, Periette and Buckholz, Richard G. and Selley, Paula K. and McDonald, Octerloney B. and Smith, Jeffery L. and Shearer, Todd W. and Cox, Richard F. and Williams, Shawn P. and Reid, Robert A. and Tacconi, Stefano and Faggioni, Federico and Piubelli, Chiara and Sartori, Ilaria and Tessari, Michela and Wang, Tony Y.},
	month = jun,
	year = {2018},
	keywords = {CAMKK2, Inhibitor, Satiety},
	pages = {1958--1963},
}

@article{qi_optimized_2023,
	title = {Optimized synthesis of the anti-{COVID}-19 drugs aided by retrosynthesis software},
	issn = {2632-8682},
	doi = {10.1039/D2MD00444E},
	language = {en},
	journal = {RSC Medicinal Chemistry},
	author = {Qi, Wentao and Zhai, Dong and Song, Danna and Liu, Chengcheng and Yang, Junxia and Sun, Lei and Li, Youyong and Li, Xingwei and Deng, Wei-Qiao},
	month = mar,
	year = {2023},
	note = {Publisher: RSC},
}

@inproceedings{qian_predictive_2023,
	address = {Singapore},
	title = {Predictive {Chemistry} {Augmented} with {Text} {Retrieval}},
	doi = {10.18653/v1/2023.emnlp-main.784},
	booktitle = {Proceedings of the 2023 {Conference} on {Empirical} {Methods} in {Natural} {Language} {Processing}},
	publisher = {Association for Computational Linguistics},
	author = {Qian, Yujie and Li, Zhening and Tu, Zhengkai and Coley, Connor and Barzilay, Regina},
	editor = {Bouamor, Houda and Pino, Juan and Bali, Kalika},
	month = dec,
	year = {2023},
	pages = {12731--12745},
}

@article{rogers_extended-connectivity_2010,
	title = {Extended-{Connectivity} {Fingerprints}},
	volume = {50},
	issn = {1549-9596},
	doi = {10.1021/ci100050t},
	number = {5},
	journal = {Journal of Chemical Information and Modeling},
	author = {Rogers, David and Hahn, Mathew},
	month = may,
	year = {2010},
	note = {Publisher: American Chemical Society},
	pages = {742--754},
}

@article{sacha_molecule_2021,
	title = {Molecule {Edit} {Graph} {Attention} {Network}: {Modeling} {Chemical} {Reactions} as {Sequences} of {Graph} {Edits}},
	volume = {61},
	issn = {1549-9596},
	shorttitle = {Molecule {Edit} {Graph} {Attention} {Network}},
	doi = {10.1021/acs.jcim.1c00537},
	number = {7},
	journal = {Journal of Chemical Information and Modeling},
	author = {Sacha, Mikołaj and Błaż, Mikołaj and Byrski, Piotr and Dabrowski-Tumański, Paweł and Chromiński, Mikołaj and Loska, Rafał and Włodarczyk-Pruszyński, Paweł and Jastrzebski, Stanisław},
	month = jul,
	year = {2021},
	note = {Publisher: American Chemical Society},
	pages = {3273--3284},
}

@article{sankaranarayanan_computer-assisted_2023,
	title = {Computer-assisted multistep chemoenzymatic retrosynthesis using a chemical synthesis planner},
	volume = {14},
	issn = {2041-6539},
	doi = {10.1039/D3SC01355C},
	language = {en},
	number = {23},
	journal = {Chemical Science},
	author = {Sankaranarayanan, Karthik and Jensen, Klavs F.},
	month = jun,
	year = {2023},
	note = {Publisher: The Royal Society of Chemistry},
	pages = {6467--6475},
}

@article{schneider_whats_2016,
	title = {What’s {What}: {The} ({Nearly}) {Definitive} {Guide} to {Reaction} {Role} {Assignment}},
	volume = {56},
	issn = {1549-9596},
	shorttitle = {What’s {What}},
	doi = {10.1021/acs.jcim.6b00564},
	number = {12},
	journal = {Journal of Chemical Information and Modeling},
	author = {Schneider, Nadine and Stiefl, Nikolaus and Landrum, Gregory A.},
	month = dec,
	year = {2016},
	note = {Publisher: American Chemical Society},
	pages = {2336--2346},
}

@article{schreck_learning_2019,
	title = {Learning {Retrosynthetic} {Planning} through {Simulated} {Experience}},
	volume = {5},
	issn = {2374-7943},
	doi = {10.1021/acscentsci.9b00055},
	number = {6},
	journal = {ACS Central Science},
	author = {Schreck, John S. and Coley, Connor W. and Bishop, Kyle J. M.},
	month = jun,
	year = {2019},
	note = {Publisher: American Chemical Society},
	pages = {970--981},
}

@article{schwaller_extraction_2021,
	title = {Extraction of organic chemistry grammar from unsupervised learning of chemical reactions},
	volume = {7},
	doi = {10.1126/sciadv.abe4166},
	number = {15},
	journal = {Science Advances},
	author = {Schwaller, Philippe and Hoover, Benjamin and Reymond, Jean-Louis and Strobelt, Hendrik and Laino, Teodoro},
	month = apr,
	year = {2021},
	note = {Publisher: American Association for the Advancement of Science},
	pages = {eabe4166},
}

@article{schwaller_found_2018,
	title = {“{Found} in {Translation}”: predicting outcomes of complex organic chemistry reactions using neural sequence-to-sequence models},
	volume = {9},
	issn = {2041-6539},
	shorttitle = {“{Found} in {Translation}”},
	doi = {10.1039/C8SC02339E},
	language = {en},
	number = {28},
	journal = {Chemical Science},
	author = {Schwaller, Philippe and Gaudin, Théophile and Lányi, Dávid and Bekas, Costas and Laino, Teodoro},
	month = jul,
	year = {2018},
	note = {Publisher: The Royal Society of Chemistry},
	keywords = {reaction prediction, LSTM, template-free},
	pages = {6091--6098},
}

@article{schwaller_machine_2022,
	title = {Machine intelligence for chemical reaction space},
	volume = {12},
	copyright = {© 2022 IBM Research Europe. WIREs Computational Molecular Science published by Wiley Periodicals LLC.},
	issn = {1759-0884},
	doi = {10.1002/wcms.1604},
	language = {en},
	number = {5},
	journal = {WIREs Computational Molecular Science},
	author = {Schwaller, Philippe and Vaucher, Alain C. and Laplaza, Ruben and Bunne, Charlotte and Krause, Andreas and Corminboeuf, Clemence and Laino, Teodoro},
	year = {2022},
	keywords = {artificial intelligence, chemical reactions, computer-assisted synthesis planning, data-driven approaches, machine intelligence},
	pages = {e1604},
}

@article{schwaller_molecular_2019,
	title = {Molecular {Transformer}: {A} {Model} for {Uncertainty}-{Calibrated} {Chemical} {Reaction} {Prediction}},
	volume = {5},
	issn = {2374-7943},
	shorttitle = {Molecular {Transformer}},
	doi = {10.1021/acscentsci.9b00576},
	number = {9},
	journal = {ACS Central Science},
	author = {Schwaller, Philippe and Laino, Teodoro and Gaudin, Théophile and Bolgar, Peter and Hunter, Christopher A. and Bekas, Costas and Lee, Alpha A.},
	month = sep,
	year = {2019},
	note = {Publisher: American Chemical Society},
	pages = {1572--1583},
}

@article{schwaller_predicting_2020,
	title = {Predicting retrosynthetic pathways using transformer-based models and a hyper-graph exploration strategy},
	volume = {11},
	issn = {2041-6539},
	doi = {10.1039/C9SC05704H},
	language = {en},
	number = {12},
	journal = {Chemical Science},
	author = {Schwaller, Philippe and Petraglia, Riccardo and Zullo, Valerio and Nair, Vishnu H. and Haeuselmann, Rico Andreas and Pisoni, Riccardo and Bekas, Costas and Iuliano, Anna and Laino, Teodoro},
	month = mar,
	year = {2020},
	note = {Publisher: The Royal Society of Chemistry},
	pages = {3316--3325},
}

@article{seidl_improving_2022,
	title = {Improving {Few}- and {Zero}-{Shot} {Reaction} {Template} {Prediction} {Using} {Modern} {Hopfield} {Networks}},
	volume = {62},
	issn = {1549-9596},
	doi = {10.1021/acs.jcim.1c01065},
	number = {9},
	journal = {Journal of Chemical Information and Modeling},
	author = {Seidl, Philipp and Renz, Philipp and Dyubankova, Natalia and Neves, Paulo and Verhoeven, Jonas and Wegner, Jörg K. and Segler, Marwin and Hochreiter, Sepp and Klambauer, Günter},
	month = may,
	year = {2022},
	note = {Publisher: American Chemical Society},
	pages = {2111--2120},
}

@article{segler_neural-symbolic_2017,
	title = {Neural-{Symbolic} {Machine} {Learning} for {Retrosynthesis} and {Reaction} {Prediction}},
	volume = {23},
	issn = {1521-3765},
	doi = {10.1002/chem.201605499},
	language = {en},
	number = {25},
	journal = {Chemistry – A European Journal},
	author = {Segler, Marwin H. S. and Waller, Mark P.},
	year = {2017},
	keywords = {retrosynthesis, machine learning, artificial intelligence, synthesis design, total synthesis},
	pages = {5966--5971},
}

@article{segler_planning_2018,
	title = {Planning chemical syntheses with deep neural networks and symbolic {AI}},
	volume = {555},
	copyright = {2018 Macmillan Publishers Limited, part of Springer Nature. All rights reserved.},
	issn = {1476-4687},
	doi = {10.1038/nature25978},
	language = {en},
	number = {7698},
	journal = {Nature},
	author = {Segler, Marwin H. S. and Preuss, Mike and Waller, Mark P.},
	month = mar,
	year = {2018},
	note = {Number: 7698
Publisher: Nature Publishing Group},
	keywords = {Cheminformatics, Automation, Computer science, Synthetic chemistry methodology},
	pages = {604--610},
}

@article{seierstad_novel_2021,
	title = {Novel {Reagent} {Space}: {Identifying} {Unorderable} but {Readily} {Synthesizable} {Building} {Blocks}},
	volume = {12},
	shorttitle = {Novel {Reagent} {Space}},
	doi = {10.1021/acsmedchemlett.1c00340},
	number = {11},
	journal = {ACS Medicinal Chemistry Letters},
	author = {Seierstad, Mark and Tichenor, Mark S. and DesJarlais, Renee L. and Na, Jim and Bacani, Genesis M. and Chung, De Michael and Mercado-Marin, Eduardo V. and Steffens, Helena C. and Mirzadegan, Taraneh},
	month = nov,
	year = {2021},
	note = {Publisher: American Chemical Society},
	pages = {1853--1860},
}

@article{seifrid_routescore_2022,
	title = {Routescore: {Punching} the {Ticket} to {More} {Efficient} {Materials} {Development}},
	volume = {8},
	issn = {2374-7943},
	shorttitle = {Routescore},
	doi = {10.1021/acscentsci.1c01002},
	number = {1},
	journal = {ACS Central Science},
	author = {Seifrid, Martin and Hickman, Riley J. and Aguilar-Granda, Andrés and Lavigne, Cyrille and Vestfrid, Jenya and Wu, Tony C. and Gaudin, Théophile and Hopkins, Emily J. and Aspuru-Guzik, Alán},
	month = jan,
	year = {2022},
	note = {Publisher: American Chemical Society},
	pages = {122--131},
}

@misc{shee_directmultistep_2024,
      title={DirectMultiStep: Direct Route Generation for Multi-Step Retrosynthesis}, 
      doi = {10.48550/arXiv.2405.13983},
      publisher = {arXiv},
      author={Yu Shee and Haote Li and Anton Morgunov and Victor Batista},
      year={2024},
}

@article{shields_aizynth_2024,
	title = {{AiZynth} impact on medicinal chemistry practice at {AstraZeneca}},
	volume = {15},
	issn = {2632-8682},
	doi = {10.1039/D3MD00651D},
	language = {en},
	number = {4},
	journal = {RSC Medicinal Chemistry},
	author = {Shields, Jason D. and Howells, Rachel and Lamont, Gillian and Leilei, Yin and Madin, Andrew and Reimann, Christopher E. and Rezaei, Hadi and Reuillon, Tristan and Smith, Bryony and Thomson, Clare and Zheng, Yuting and Ziegler, Robert E.},
	month = apr,
	year = {2024},
	note = {Publisher: RSC},
	pages = {1085--1095},
}

@article{silver_mastering_2016,
	title = {Mastering the game of {Go} with deep neural networks and tree search},
	volume = {529},
	copyright = {2016 Nature Publishing Group, a division of Macmillan Publishers Limited. All Rights Reserved.},
	issn = {1476-4687},
	doi = {10.1038/nature16961},
	language = {en},
	number = {7587},
	journal = {Nature},
	author = {Silver, David and Huang, Aja and Maddison, Chris J. and Guez, Arthur and Sifre, Laurent and van den Driessche, George and Schrittwieser, Julian and Antonoglou, Ioannis and Panneershelvam, Veda and Lanctot, Marc and Dieleman, Sander and Grewe, Dominik and Nham, John and Kalchbrenner, Nal and Sutskever, Ilya and Lillicrap, Timothy and Leach, Madeleine and Kavukcuoglu, Koray and Graepel, Thore and Hassabis, Demis},
	month = jan,
	year = {2016},
	note = {Number: 7587
Publisher: Nature Publishing Group},
	keywords = {Computational science, Computer science, Reward},
	pages = {484--489},
}

@inproceedings{somnath_learning_2021,
	title = {Learning {Graph} {Models} for {Retrosynthesis} {Prediction}},
	volume = {34},
        address = {virtual},
	booktitle = {Advances in {Neural} {Information} {Processing} {Systems}},
	publisher = {Curran Associates, Inc.},
	author = {Somnath, Vignesh Ram and Bunne, Charlotte and Coley, Connor and Krause, Andreas and Barzilay, Regina},
	year = {2021},
	pages = {9405--9415},
}

@article{soukaina_design_2024,
	title = {Design of new dipeptide inhibitors against {SARS}-{CoV} {3CLpro}: {3D}-{QSAR}, molecular docking, {MD} simulation, {ADMET} studies and retrosynthesis strategy},
	volume = {17},
	issn = {1878-5352},
	shorttitle = {Design of new dipeptide inhibitors against {SARS}-{CoV} {3CLpro}},
	doi = {10.1016/j.arabjc.2023.105584},
	number = {2},
	journal = {Arabian Journal of Chemistry},
	author = {Soukaina, Esslali and Wissal, Liman and Yassine, Koubi and Achraf, El Allali and Guenoun, Farhate and Bouachrine, Mohammed},
	month = feb,
	year = {2024},
	keywords = {CoMSIA/SH, MD simulation, Molecular docking, Retrosynthesis, SARS CoV 3CLpro},
	pages = {105584},
}

@inproceedings{srivastava_training_2015,
	title = {Training {Very} {Deep} {Networks}},
        address = {Montréal, Québec, Canada},
	volume = {28},
	booktitle = {Advances in {Neural} {Information} {Processing} {Systems}},
	publisher = {Curran Associates, Inc.},
	author = {Srivastava, Rupesh K and Greff, Klaus and Schmidhuber, Jürgen},
	year = {2015},
}

@article{struble_current_2020,
	title = {Current and {Future} {Roles} of {Artificial} {Intelligence} in {Medicinal} {Chemistry} {Synthesis}},
	volume = {63},
	issn = {0022-2623},
	doi = {10.1021/acs.jmedchem.9b02120},
	number = {16},
	journal = {Journal of Medicinal Chemistry},
	author = {Struble, Thomas J. and Alvarez, Juan C. and Brown, Scott P. and Chytil, Milan and Cisar, Justin and DesJarlais, Renee L. and Engkvist, Ola and Frank, Scott A. and Greve, Daniel R. and Griffin, Daniel J. and Hou, Xinjun and Johannes, Jeffrey W. and Kreatsoulas, Constantine and Lahue, Brian and Mathea, Miriam and Mogk, Georg and Nicolaou, Christos A. and Palmer, Andrew D. and Price, Daniel J. and Robinson, Richard I. and Salentin, Sebastian and Xing, Li and Jaakkola, Tommi and Green, William. H. and Barzilay, Regina and Coley, Connor W. and Jensen, Klavs F.},
	month = aug,
	year = {2020},
	note = {Publisher: American Chemical Society},
	pages = {8667--8682},
}

@article{struble_multitask_2020,
	title = {Multitask prediction of site selectivity in aromatic {C}–{H} functionalization reactions},
	volume = {5},
	issn = {2058-9883},
	doi = {10.1039/D0RE00071J},
	language = {en},
	number = {5},
	journal = {Reaction Chemistry \& Engineering},
	author = {Struble, Thomas J. and Coley, Connor W. and Jensen, Klavs F.},
	month = may,
	year = {2020},
	note = {Publisher: The Royal Society of Chemistry},
	pages = {896--902},
}

@article{tetko_state---art_2020,
	title = {State-of-the-art augmented {NLP} transformer models for direct and single-step retrosynthesis},
	volume = {11},
	copyright = {2020 The Author(s)},
	issn = {2041-1723},
	doi = {10.1038/s41467-020-19266-y},
	language = {en},
	number = {1},
	journal = {Nature Communications},
	author = {Tetko, Igor V. and Karpov, Pavel and Van Deursen, Ruud and Godin, Guillaume},
	month = nov,
	year = {2020},
	note = {Number: 1
Publisher: Nature Publishing Group},
	keywords = {Cheminformatics, Computational chemistry, Reaction mechanisms},
	pages = {5575},
}

@article{thakkar_ring_2020,
	title = {“{Ring} {Breaker}”: {Neural} {Network} {Driven} {Synthesis} {Prediction} of the {Ring} {System} {Chemical} {Space}},
	volume = {63},
	issn = {0022-2623},
	shorttitle = {“{Ring} {Breaker}”},
	doi = {10.1021/acs.jmedchem.9b01919},
	number = {16},
	journal = {Journal of Medicinal Chemistry},
	author = {Thakkar, Amol and Selmi, Nidhal and Reymond, Jean-Louis and Engkvist, Ola and Bjerrum, Esben Jannik},
	month = aug,
	year = {2020},
	note = {Publisher: American Chemical Society},
	pages = {8791--8808},
}

@inproceedings{tripp_retro-fallback_2023,
	title = {Retro-fallback: retrosynthetic planning in an uncertain world},
	shorttitle = {Retro-fallback},
	language = {en},
	author = {Tripp, Austin and Maziarz, Krzysztof and Lewis, Sarah and Segler, Marwin and Hernández-Lobato, José Miguel},
	month = oct,
	booktitle={The Twelfth International Conference on     Learning Representations},
        year={2024}
}

@article{tu_permutation_2022,
	title = {Permutation {Invariant} {Graph}-to-{Sequence} {Model} for {Template}-{Free} {Retrosynthesis} and {Reaction} {Prediction}},
	volume = {62},
	issn = {1549-9596},
	doi = {10.1021/acs.jcim.2c00321},
	number = {15},
	journal = {Journal of Chemical Information and Modeling},
	author = {Tu, Zhengkai and Coley, Connor W.},
	month = aug,
	year = {2022},
	note = {Publisher: American Chemical Society},
	keywords = {one-step, retrosynthesis, GCN, Transformer, latent modeling, template-free, positional embedding},
	pages = {3503--3513},
}

@article{tu_predictive_2023,
	title = {Predictive chemistry: machine learning for reaction deployment, reaction development, and reaction discovery},
	volume = {14},
	issn = {2041-6539},
	shorttitle = {Predictive chemistry},
	doi = {10.1039/D2SC05089G},
	language = {en},
	number = {2},
	journal = {Chemical Science},
	author = {Tu, Zhengkai and Stuyver, Thijs and Coley, Connor W.},
	month = jan,
	year = {2023},
	note = {Publisher: The Royal Society of Chemistry},
	pages = {226--244},
}

@inproceedings{vaswani_attention_2017,
	title = {Attention is {All} you {Need}},
        address = {Long Beach, California, US},
	volume = {30},
	booktitle = {Advances in {Neural} {Information} {Processing} {Systems}},
	publisher = {Curran Associates, Inc.},
	author = {Vaswani, Ashish and Shazeer, Noam and Parmar, Niki and Uszkoreit, Jakob and Jones, Llion and Gomez, Aidan N and Kaiser, Ł ukasz and Polosukhin, Illia},
	year = {2017},
}

@article{vermeire_predicting_2022,
	title = {Predicting {Solubility} {Limits} of {Organic} {Solutes} for a {Wide} {Range} of {Solvents} and {Temperatures}},
	volume = {144},
	issn = {0002-7863},
	doi = {10.1021/jacs.2c01768},
	number = {24},
	journal = {Journal of the American Chemical Society},
	author = {Vermeire, Florence H. and Chung, Yunsie and Green, William H.},
	month = jun,
	year = {2022},
	note = {Publisher: American Chemical Society},
	pages = {10785--10797},
}

@article{wang_generic_2023,
	title = {Generic {Interpretable} {Reaction} {Condition} {Predictions} with {Open} {Reaction} {Condition} {Datasets} and {Unsupervised} {Learning} of {Reaction} {Center}},
	volume = {0},
	doi = {10.34133/research.0231},
	number = {ja},
	journal = {Research},
	author = {Wang, Xiaorui and Hsieh, Chang-Yu and Yin, Xiaodan and Wang, Jike and Li, Yuquan and Deng, Yafeng and Jiang, Dejun and Wu, Zhenxing and Du, Hongyan and Chen, Hongming and Li, Yun and Liu, Huanxiang and Wang, Yuwei and Luo, Pei and Hou, Tingjun and Yao, Xiaojun},
	month = sep,
	year = {2023},
	note = {Publisher: American Association for the Advancement of Science},
}

@article{wang_retrosynthesis_2023,
	title = {Retrosynthesis prediction with an interpretable deep-learning framework based on molecular assembly tasks},
	volume = {14},
	copyright = {2023 Springer Nature Limited},
	issn = {2041-1723},
	doi = {10.1038/s41467-023-41698-5},
	language = {en},
	number = {1},
	urldate = {2023-10-10},
	journal = {Nature Communications},
	author = {Wang, Yu and Pang, Chao and Wang, Yuzhe and Jin, Junru and Zhang, Jingjie and Zeng, Xiangxiang and Su, Ran and Zou, Quan and Wei, Leyi},
	month = oct,
	year = {2023},
	note = {Number: 1
Publisher: Nature Publishing Group},
	keywords = {Cheminformatics, Synthetic chemistry methodology, Drug discovery and development},
	pages = {6155},
}

@article{wang_towards_2020,
	title = {Towards efficient discovery of green synthetic pathways with {Monte} {Carlo} tree search and reinforcement learning},
	volume = {11},
	doi = {10.1039/D0SC04184J},
	language = {en},
	number = {40},
	journal = {Chemical Science},
	author = {Wang, Xiaoxue and Qian, Yujie and Gao, Hanyu and W. Coley, Connor and Mo, Yiming and Barzilay, Regina and F. Jensen, Klavs},
	year = {2020},
	note = {Publisher: Royal Society of Chemistry},
	pages = {10959--10972},
}

@article{warr_short_2014,
	title = {A {Short} {Review} of {Chemical} {Reaction} {Database} {Systems}, {Computer}-{Aided} {Synthesis} {Design}, {Reaction} {Prediction} and {Synthetic} {Feasibility}},
	volume = {33},
	copyright = {© 2014 WILEY-VCH Verlag GmbH \& Co. KGaA, Weinheim},
	issn = {1868-1751},
	doi = {10.1002/minf.201400052},
	language = {en},
	number = {6-7},
	journal = {Molecular Informatics},
	author = {Warr, Wendy A.},
	year = {2014},
	keywords = {Atom-to-atom mapping, Computer-aided synthesis design, Reaction prediction, Reaction retrieval systems, Synthetic feasibility},
	pages = {469--476},
}

@article{weininger_smiles_1988,
	title = {{SMILES}, a chemical language and information system. 1. {Introduction} to methodology and encoding rules},
	volume = {28},
	issn = {0095-2338},
	doi = {10.1021/ci00057a005},
	number = {1},
	journal = {Journal of Chemical Information and Computer Sciences},
	author = {Weininger, David},
	month = feb,
	year = {1988},
	note = {Publisher: American Chemical Society},
	pages = {31--36},
}

@article{wipke_simulation_1978,
	series = {Applications to the {Sciences} and {Medicine}},
	title = {Simulation and evaluation of chemical synthesis—{SECS}: {An} application of artificial intelligence techniques},
	volume = {11},
	issn = {0004-3702},
	shorttitle = {Simulation and evaluation of chemical synthesis—{SECS}},
	doi = {10.1016/0004-3702(78)90016-4},
	number = {1},
	journal = {Artificial Intelligence},
	author = {Wipke, W. Todd and Ouchi, Glenn I. and Krishnan, S.},
	month = aug,
	year = {1978},
	pages = {173--193},
}

@inproceedings{xie_retrograph_2022,
	address = {New York, NY, USA},
	series = {{KDD} '22},
	title = {{RetroGraph}: {Retrosynthetic} {Planning} with {Graph} {Search}},
	isbn = {978-1-4503-9385-0},
	shorttitle = {{RetroGraph}},
	doi = {10.1145/3534678.3539446},
	booktitle = {Proceedings of the 28th {ACM} {SIGKDD} {Conference} on {Knowledge} {Discovery} and {Data} {Mining}},
	publisher = {Association for Computing Machinery},
	author = {Xie, Shufang and Yan, Rui and Han, Peng and Xia, Yingce and Wu, Lijun and Guo, Chenjuan and Yang, Bin and Qin, Tao},
	month = aug,
	year = {2022},
	keywords = {retrosynthesis, multi-step, template-based, GNN},
	pages = {2120--2129},
}

@inproceedings{xie_retrosynthesis_2023,
	series = {{AAAI}'23/{IAAI}'23/{EAAI}'23},
	title = {Retrosynthesis prediction with local template retrieval},
        address = {Washington DC, US},
	volume = {37},
	isbn = {978-1-57735-880-0},
	doi = {10.1609/aaai.v37i4.25664},
	booktitle = {Proceedings of the {Thirty}-{Seventh} {AAAI} {Conference} on {Artificial} {Intelligence} and {Thirty}-{Fifth} {Conference} on {Innovative} {Applications} of {Artificial} {Intelligence} and {Thirteenth} {Symposium} on {Educational} {Advances} in {Artificial} {Intelligence}},
	publisher = {AAAI Press},
	author = {Xie, Shufang and Yan, Rui and Guo, Junliang and Xia, Yingce and Wu, Lijun and Qin, Tao},
	month = feb,
	year = {2023},
	pages = {5330--5338},
}

@article{yao_node-aligned_2024,
	title = {Node-{Aligned} {Graph}-to-{Graph}: {Elevating} {Template}-free {Deep} {Learning} {Approaches} in {Single}-{Step} {Retrosynthesis}},
	shorttitle = {Node-{Aligned} {Graph}-to-{Graph}},
	doi = {10.1021/jacsau.3c00737},
	journal = {JACS Au},
	author = {Yao, Lin and Guo, Wentao and Wang, Zhen and Xiang, Shang and Liu, Wentan and Ke, Guolin},
	month = feb,
	year = {2024},
	note = {Publisher: American Chemical Society},
}


@inproceedings{yu_double-ended_2024,
	title = {Double-{Ended} {Synthesis} {Planning} with {Goal}-{Constrained} {Bidirectional} {Search}},
        address = {Vancouver, British Columbia, Canada},
	booktitle = {Advances in {Neural} {Information} {Processing} {Systems}},
	publisher = {Curran Associates, Inc.},
	language = {en},
	author = {Yu, Kevin and Roh, Jihye and Li, Ziang and Gao, Wenhao and Wang, Runzhong and Coley, Connor W.},
	month = nov,
	year = {2024},
}


@article{yu_grasp_2022,
	title = {{GRASP}: {Navigating} {Retrosynthetic} {Planning} with {Goal}-driven {Policy}},
	volume = {35},
	shorttitle = {{GRASP}},
	language = {en},
	journal = {Advances in Neural Information Processing Systems},
	author = {Yu, Yemin and Wei, Ying and Kuang, Kun and Huang, Zhengxing and Yao, Huaxiu and Wu, Fei},
	month = dec,
	year = {2022},
	pages = {10257--10268},
}

@article{zhao_efficient_2024,
	title = {Efficient retrosynthetic planning with {MCTS} exploration enhanced {A}* search},
	volume = {7},
	copyright = {2024 The Author(s)},
	issn = {2399-3669},
	doi = {10.1038/s42004-024-01133-2},
	language = {en},
	number = {1},
	journal = {Communications Chemistry},
	author = {Zhao, Dengwei and Tu, Shikui and Xu, Lei},
	month = mar,
	year = {2024},
	note = {Publisher: Nature Publishing Group},
	keywords = {Automation, Synthetic chemistry methodology, Computational chemistry, Method development},
	pages = {1--12},
}

@article{zhong_retrosynthesis_2023,
	title = {Retrosynthesis prediction using an end-to-end graph generative architecture for molecular graph editing},
	volume = {14},
	copyright = {2023 The Author(s)},
	issn = {2041-1723},
	doi = {10.1038/s41467-023-38851-5},
	language = {en},
	number = {1},
	journal = {Nature Communications},
	author = {Zhong, Weihe and Yang, Ziduo and Chen, Calvin Yu-Chian},
	month = may,
	year = {2023},
	note = {Publisher: Nature Publishing Group},
	keywords = {Chemical synthesis, Cheminformatics, Information technology, Method development},
	pages = {3009},
}

@article{zhong_root-aligned_2022,
	title = {Root-aligned {SMILES}: a tight representation for chemical reaction prediction},
	volume = {13},
	shorttitle = {Root-aligned {SMILES}},
	doi = {10.1039/D2SC02763A},
	language = {en},
	number = {31},
	journal = {Chemical Science},
	author = {Zhong, Zipeng and Song, Jie and Feng, Zunlei and Liu, Tiantao and Jia, Lingxiang and Yao, Shaolun and Wu, Min and Hou, Tingjun and Song, Mingli},
	year = {2022},
	note = {Publisher: Royal Society of Chemistry},
	pages = {9023--9034},
}

@inproceedings{zhu_dual-view_2023,
	address = {New York, NY, USA},
	series = {{KDD} '23},
	title = {Dual-view {Molecular} {Pre}-training},
	isbn = {9798400701030},
	doi = {10.1145/3580305.3599317},
	booktitle = {Proceedings of the 29th {ACM} {SIGKDD} {Conference} on {Knowledge} {Discovery} and {Data} {Mining}},
	publisher = {Association for Computing Machinery},
	author = {Zhu, Jinhua and Xia, Yingce and Wu, Lijun and Xie, Shufang and Zhou, Wengang and Qin, Tao and Li, Houqiang and Liu, Tie-Yan},
	month = aug,
	year = {2023},
	keywords = {retrosynthesis, molecular representation, pre-training},
	pages = {3615--3627},
}
