@inproceedings{gururangan2018annotation,
  title={Annotation Artifacts in Natural Language Inference Data},
  author={Gururangan, Suchin and Swayamdipta, Swabha and Levy, Omer and Schwartz, Roy and Bowman, Samuel and Smith, Noah A},
  booktitle={Proceedings of the 2018 Conference of the North American Chapter of the Association for Computational Linguistics: Human Language Technologies, Volume 2 (Short Papers)},
  pages={107--112},
  year={2018}
}

@inproceedings{bowman2015large,
  title={A large annotated corpus for learning natural language inference},
  author={Bowman, Samuel and Angeli, Gabor and Potts, Christopher and Manning, Christopher D},
  booktitle={Proceedings of the 2015 Conference on Empirical Methods in Natural Language Processing},
  pages={632--642},
  year={2015}
}

@inproceedings{williams2018broad,
  title={A Broad-Coverage Challenge Corpus for Sentence Understanding through Inference},
  author={Williams, Adina and Nangia, Nikita and Bowman, Samuel},
  booktitle={Proceedings of the 2018 Conference of the North American Chapter of the Association for Computational Linguistics: Human Language Technologies, Volume 1 (Long Papers)},
  pages={1112--1122},
  year={2018}
}

@inproceedings{mccoy2019right,
  title={Right for the Wrong Reasons: Diagnosing Syntactic Heuristics in Natural Language Inference},
  author={McCoy, Tom and Pavlick, Ellie and Linzen, Tal},
  booktitle={Proceedings of the 57th Annual Meeting of the Association for Computational Linguistics},
  pages={3428--3448},
  year={2019}
}

@inproceedings{schuster2019towards,
  title={Towards Debiasing Fact Verification Models},
  author={Schuster, Tal and Shah, Darsh and Yeo, Yun Jie Serene and Ortiz, Daniel Roberto Filizzola and Santus, Enrico and Barzilay, Regina},
  booktitle={Proceedings of the 2019 Conference on Empirical Methods in Natural Language Processing and the 9th International Joint Conference on Natural Language Processing (EMNLP-IJCNLP)},
  pages={3419--3425},
  year={2019}
}

@inproceedings{zhang2017position,
  title={Position-aware Attention and Supervised Data Improve Slot Filling},
  author={Zhang, Yuhao and Zhong, Victor and Chen, Danqi and Angeli, Gabor and Manning, Christopher D},
  booktitle={Proceedings of the 2017 Conference on Empirical Methods in Natural Language Processing},
  pages={35--45},
  year={2017}
}

@inproceedings{alt2020tacred,
  title={TACRED Revisited: A Thorough Evaluation of the TACRED Relation Extraction Task},
  author={Alt, Christoph and Gabryszak, Aleksandra and Hennig, Leonhard},
  booktitle={Proceedings of the 58th Annual Meeting of the Association for Computational Linguistics},
  pages={1558--1569},
  year={2020}
}

@inproceedings{stoica2021re,
  title={Re-tacred: Addressing shortcomings of the tacred dataset},
  author={Stoica, George and Platanios, Emmanouil Antonios and P{\'o}czos, Barnab{\'a}s},
  booktitle={Proceedings of the AAAI conference on artificial intelligence},
  volume={35},
  number={15},
  pages={13843--13850},
  year={2021}
}

@inproceedings{hendrickx2010semeval,
  title={SemEval-2010 Task 8: Multi-Way Classification of Semantic Relations between Pairs of Nominals},
  author={Hendrickx, Iris and Kim, Su Nam and Kozareva, Zornitsa and Nakov, Preslav and S{\'e}aghdha, Diarmuid {\'O} and Pad{\'o}, Sebastian and Pennacchiotti, Marco and Romano, Lorenza and Szpakowicz, Stan},
  booktitle={Proceedings of the 5th International Workshop on Semantic Evaluation},
  pages={33--38},
  year={2010}
}

@inproceedings{zhang2018graph,
  title={Graph Convolution over Pruned Dependency Trees Improves Relation Extraction},
  author={Zhang, Yuhao and Qi, Peng and Manning, Christopher D},
  booktitle={Proceedings of the 2018 Conference on Empirical Methods in Natural Language Processing},
  pages={2205--2215},
  year={2018}
}

@inproceedings{peng2020learning,
  title={Learning from Context or Names? An Empirical Study on Neural Relation Extraction},
  author={Peng, Hao and Gao, Tianyu and Han, Xu and Lin, Yankai and Li, Peng and Liu, Zhiyuan and Sun, Maosong and Zhou, Jie},
  booktitle={Proceedings of the 2020 Conference on Empirical Methods in Natural Language Processing (EMNLP)},
  pages={3661--3672},
  year={2020}
}

@inproceedings{wang2022should,
  title={Should We Rely on Entity Mentions for Relation Extraction? Debiasing Relation Extraction with Counterfactual Analysis},
  author={Wang, Yiwei and Chen, Muhao and Zhou, Wenxuan and Cai, Yujun and Liang, Yuxuan and Liu, Dayiheng and Yang, Baosong and Liu, Juncheng and Hooi, Bryan},
  booktitle={Proceedings of the 2022 Conference of the North American Chapter of the Association for Computational Linguistics: Human Language Technologies},
  pages={3071--3081},
  year={2022}
}

@inproceedings{wang2023fragile,
  title={How Fragile is Relation Extraction under Entity Replacements?},
  author={Wang, Yiwei and Hooi, Bryan and Wang, Fei and Cai, Yujun and Liang, Yuxuan and Zhou, Wenxuan and Tang, Jing and Duan, Manjuan and Chen, Muhao},
  booktitle={Proceedings of the 27th Conference on Computational Natural Language Learning (CoNLL)},
  pages={414--423},
  year={2023}
}

@inproceedings{wang2023causal,
  title={A Causal View of Entity Bias in (Large) Language Models},
  author={Wang, Fei and Mo, Wenjie and Wang, Yiwei and Zhou, Wenxuan and Chen, Muhao},
  booktitle={Findings of the Association for Computational Linguistics: EMNLP 2023},
  pages={15173--15184},
  year={2023}
}

@inproceedings{longpre2021entity,
  title={Entity-Based Knowledge Conflicts in Question Answering},
  author={Longpre, Shayne and Perisetla, Kartik and Chen, Anthony and Ramesh, Nikhil and DuBois, Chris and Singh, Sameer},
  booktitle={Proceedings of the 2021 Conference on Empirical Methods in Natural Language Processing},
  pages={7052--7063},
  year={2021}
}

@inproceedings{yamada2020luke,
  title={LUKE: Deep Contextualized Entity Representations with Entity-aware Self-attention},
  author={Yamada, Ikuya and Asai, Akari and Shindo, Hiroyuki and Takeda, Hideaki and Matsumoto, Yuji},
  booktitle={Proceedings of the 2020 Conference on Empirical Methods in Natural Language Processing (EMNLP)},
  pages={6442--6454},
  year={2020}
}

@inproceedings{zhou2022improved,
  title={An Improved Baseline for Sentence-level Relation Extraction},
  author={Zhou, Wenxuan and Chen, Muhao},
  booktitle={Proceedings of the 2nd Conference of the Asia-Pacific Chapter of the Association for Computational Linguistics and the 12th International Joint Conference on Natural Language Processing (Volume 2: Short Papers)},
  pages={161--168},
  year={2022}
}

@inproceedings{mahabadi2020end,
  title={End-to-End Bias Mitigation by Modelling Biases in Corpora},
  author={Mahabadi, Rabeeh Karimi and Belinkov, Yonatan and Henderson, James},
  booktitle={Proceedings of the 58th Annual Meeting of the Association for Computational Linguistics},
  pages={8706--8716},
  year={2020}
}

@inproceedings{liang2021r,
  title={R-Drop: regularized dropout for neural networks},
  author={Liang, Xiaobo and Wu, Lijun and Li, Juntao and Wang, Yue and Meng, Qi and Qin, Tao and Chen, Wei and Zhang, Min and Liu, Tie-Yan},
  booktitle={Proceedings of the 35th International Conference on Neural Information Processing Systems},
  pages={10890--10905},
  year={2021}
}

@article{vrandevcic2014wikidata,
  title={Wikidata: a free collaborative knowledgebase},
  author={Vrande{\v{c}}i{\'c}, Denny and Kr{\"o}tzsch, Markus},
  journal={Communications of the ACM},
  volume={57},
  number={10},
  pages={78--85},
  year={2014},
  publisher={ACM New York, NY, USA}
}

@article{radford2019language,
  title={Language models are unsupervised multitask learners},
  author={Radford, Alec and Wu, Jeffrey and Child, Rewon and Luan, David and Amodei, Dario and Sutskever, Ilya and others},
  journal={OpenAI blog},
  volume={1},
  number={8},
  pages={9},
  year={2019}
}

@inproceedings{reimers2019sentence,
  title={Sentence-BERT: Sentence Embeddings using Siamese BERT-Networks},
  author={Reimers, Nils and Gurevych, Iryna},
  booktitle={Proceedings of the 2019 Conference on Empirical Methods in Natural Language Processing and the 9th International Joint Conference on Natural Language Processing (EMNLP-IJCNLP)},
  pages={3982--3992},
  year={2019}
}

@article{smith2002tutorial,
  title={A tutorial on principal components analysis},
  author={Smith, Lindsay I},
  year={2002}
}

@article{lin2018focal,
  title={Focal Loss for Dense Object Detection},
  author={Lin, Tsung-Yi and Goyal, Priya and Girshick, Ross and He, Kaiming and Doll{\'a}r, Piotr},
  journal={IEEE Transactions on Pattern Analysis and Machine Intelligence},
  volume={42},
  number={2},
  pages={318--327},
  year={2018},
  publisher={IEEE}
}

@article{hinton2002training,
  title={Training products of experts by minimizing contrastive divergence},
  author={Hinton, Geoffrey E},
  journal={Neural computation},
  volume={14},
  number={8},
  pages={1771--1800},
  year={2002},
  publisher={MIT Press}
}

@article{belov2011distributions,
  title={Distributions of the Kullback--Leibler divergence with applications},
  author={Belov, Dmitry I and Armstrong, Ronald D},
  journal={British Journal of Mathematical and Statistical Psychology},
  volume={64},
  number={2},
  pages={291--309},
  year={2011},
  publisher={Wiley Online Library}
}

@inproceedings{tang2023idos,
  title={IDOS: A Unified Debiasing Method via Word Shuffling},
  author={Tang, Yuanhang and Ouyang, Yawen and Wu, Zhen and Zhang, Baohua and Zhang, Jiaying and Dai, Xinyu},
  booktitle={CCF International Conference on Natural Language Processing and Chinese Computing},
  pages={314--325},
  year={2023},
  organization={Springer}
}