
\RequirePackage{filecontents}
\begin{filecontents}{references.bib}

@Misc{Dingli2023,
  author    = {Dingli, Alexiei},
  note      = {Includes bibliographical references and index},
  title     = {Neuro-Symbolic AI},
  year      = {2023},
  address   = {[Place of publication not identified]},
  edition   = {1st ed.},
  editor    = {David Farrugia},
  isbn      = {9781804617625},
  pagetotal = {1196},
  ppn_gvk   = {1878117297},
  publisher = {Packt Publishing},
  subtitle  = {Design transparent and trustworthy systems that understand the world as you do},
}

@TechReport{SHRDLU,
  author = {Terry Winograd},
  title  = {Procedures as a Representation for Data in a Computer Program for Understanding Natural Language},
  year   = {1971},
  month  = {January},
  note   = {Accessed: 2024-05-13},
  number = {AITR-235},
  type   = {AI Technical Report},
  school = {MIT Artificial Intelligence Laboratory},
  url    = {http://hdl.handle.net/1721.1/7095},
}

@Article{Weizenbaum1966,
  author    = {Weizenbaum, Joseph},
  journal   = {Communications of the ACM},
  title     = {ELIZA—a computer program for the study of natural language communication between man and machine},
  year      = {1966},
  issn      = {1557-7317},
  month     = jan,
  number    = {1},
  pages     = {36--45},
  volume    = {9},
  doi       = {10.1145/365153.365168},
  publisher = {Association for Computing Machinery (ACM)},
}

@book{Lindsay1980,
  author    = {Robert K. Lindsay and Bruce G. Buchanan and Edward A. Feigenbaum and Joshua Lederberg},
  title     = {Applications of Artificial Intelligence for Organic Chemistry: The DENDRAL Project},
  year      = {1980},
  publisher = {McGraw-Hill},
}

@Article{Melle1978,
  author    = {van Melle, William},
  journal   = {International Journal of Man-Machine Studies},
  title     = {MYCIN: a knowledge-based consultation program for infectious disease diagnosis},
  year      = {1978},
  issn      = {0020-7373},
  month     = may,
  number    = {3},
  pages     = {313--322},
  volume    = {10},
  doi       = {10.1016/s0020-7373(78)80049-2},
  publisher = {Elsevier BV},
}

@Article{Speer2016,
  author    = {Speer, Robyn and Chin, Joshua and Havasi, Catherine},
  title     = {ConceptNet 5.5: An Open Multilingual Graph of General Knowledge},
  year      = {2016},
  copyright = {arXiv.org perpetual, non-exclusive license},
  doi       = {10.48550/ARXIV.1612.03975},
  keywords  = {Computation and Language (cs.CL), FOS: Computer and information sciences, FOS: Computer and information sciences, I.2.7},
  publisher = {arXiv},
}

@Misc{Lenat2023,
  author    = {Lenat, Doug and Marcus, Gary},
  title     = {Getting from Generative AI to Trustworthy AI: What LLMs might learn from Cyc},
  year      = {2023},
  copyright = {arXiv.org perpetual, non-exclusive license},
  doi       = {10.48550/ARXIV.2308.04445},
  keywords  = {Machine Learning (cs.LG), Artificial Intelligence (cs.AI), FOS: Computer and information sciences, FOS: Computer and information sciences, I.2.0},
  publisher = {arXiv},
}

@inproceedings{Edelkamp2004,
  author = {Stefan Edelkamp and Malte Helmert and Romuald Reffel and Johan Bossek},
  title = {International Planning Competition},
  booktitle = {Proceedings of the Fourth International Conference on Automated Planning and Scheduling},
  year = {2004},
  pages = {81-84}
}

@Article{Rosenblatt1958,
  author    = {Rosenblatt, F.},
  journal   = {Psychological Review},
  title     = {The perceptron: A probabilistic model for information storage and organization in the brain.},
  year      = {1958},
  issn      = {0033-295X},
  number    = {6},
  pages     = {386--408},
  volume    = {65},
  doi       = {10.1037/h0042519},
  publisher = {American Psychological Association (APA)},
}

@Article{Hopfield1982,
  author    = {Hopfield, J J},
  journal   = {Proceedings of the National Academy of Sciences},
  title     = {Neural networks and physical systems with emergent collective computational abilities.},
  year      = {1982},
  issn      = {1091-6490},
  month     = apr,
  number    = {8},
  pages     = {2554--2558},
  volume    = {79},
  doi       = {10.1073/pnas.79.8.2554},
  publisher = {Proceedings of the National Academy of Sciences},
}

@Article{Rumelhart1986,
  author    = {Rumelhart, David E. and Hinton, Geoffrey E. and Williams, Ronald J.},
  journal   = {Nature},
  title     = {Learning representations by back-propagating errors},
  year      = {1986},
  issn      = {1476-4687},
  month     = oct,
  number    = {6088},
  pages     = {533--536},
  volume    = {323},
  doi       = {10.1038/323533a0},
  publisher = {Springer Science and Business Media LLC},
}

@Misc{Vaswani2017,
  author    = {Vaswani, Ashish and Shazeer, Noam and Parmar, Niki and Uszkoreit, Jakob and Jones, Llion and Gomez, Aidan N. and Kaiser, Lukasz and Polosukhin, Illia},
  title     = {Attention Is All You Need},
  year      = {2017},
  copyright = {arXiv.org perpetual, non-exclusive license},
  doi       = {10.48550/ARXIV.1706.03762},
  keywords  = {Computation and Language (cs.CL), Machine Learning (cs.LG), FOS: Computer and information sciences, FOS: Computer and information sciences},
  publisher = {arXiv},
}

@Misc{Ramesh2021,
  author    = {Ramesh, Aditya and Pavlov, Mikhail and Goh, Gabriel and Gray, Scott and Voss, Chelsea and Radford, Alec and Chen, Mark and Sutskever, Ilya},
  title     = {Zero-Shot Text-to-Image Generation},
  year      = {2021},
  copyright = {Creative Commons Attribution 4.0 International},
  doi       = {10.48550/ARXIV.2102.12092},
  keywords  = {Computer Vision and Pattern Recognition (cs.CV), Machine Learning (cs.LG), FOS: Computer and information sciences, FOS: Computer and information sciences},
  publisher = {arXiv},
}


@Misc{Redmon2015,
  author    = {Redmon, Joseph and Divvala, Santosh and Girshick, Ross and Farhadi, Ali},
  title     = {You Only Look Once: Unified, Real-Time Object Detection},
  year      = {2015},
  copyright = {arXiv.org perpetual, non-exclusive license},
  doi       = {10.48550/ARXIV.1506.02640},
  keywords  = {Computer Vision and Pattern Recognition (cs.CV), FOS: Computer and information sciences, FOS: Computer and information sciences},
  publisher = {arXiv},
}

 
@Article{Garcez2023,
  author    = {Garcez, Artur d’Avila and Lamb, Luís C.},
  journal   = {Artificial Intelligence Review},
  title     = {Neurosymbolic AI: the 3rd wave},
  year      = {2023},
  issn      = {1573-7462},
  month     = mar,
  number    = {11},
  pages     = {12387--12406},
  volume    = {56},
  doi       = {10.1007/s10462-023-10448-w},
  publisher = {Springer Science and Business Media LLC},
}

@book{Kahneman2011,
  author    = {Daniel Kahneman},
  title     = {Thinking, Fast and Slow},
  year      = {2011},
  publisher = {Farrar, Straus and Giroux},
}

@article{Yalcin2021,
  author    = {Orhan G. Yalçın},
  title     = {Symbolic vs. Subsymbolic AI Paradigms for AI Explainability},
  journal   = {Towards Data Science},
  year      = {2021},
  month     = {June},
  note      = {Published in Towards Data Science, 6 min read},
  url       = {https://towardsdatascience.com/symbolic-vs-subsymbolic-ai-paradigms-for-ai-explainability-1c3e08d2a89d}
}

 
@Article{Kautz2022,
  author    = {Kautz, Henry A.},
  journal   = {AI Magazine},
  title     = {The third AI summer: AAAI Robert S. Engelmore Memorial Lecture},
  year      = {2022},
  issn      = {2371-9621},
  month     = mar,
  number    = {1},
  pages     = {105--125},
  volume    = {43},
  doi       = {10.1002/aaai.12036},
  publisher = {Wiley},
}

@Misc{Marcus2019,
  author    = {Marcus, Gary},
  title     = {Rebooting AI},
  year      = {2019},
  address   = {New York},
  edition   = {First edition},
  editor    = {Ernest Davis},
  isbn      = {9781524748265},
  pagetotal = {1253},
  ppn_gvk   = {1701794306},
  publisher = {Pantheon Books},
  subtitle  = {Building artificial intelligence we can trust},
}

@Article{Gibaut2023,
  author    = {Gibaut, Wandemberg and Pereira, Leonardo and Grassiotto, Fabio and Osorio, Alexandre and Gadioli, Eder and Munoz, Amparo and Gomes, Sildolfo and Santos, Claudio dos},
  title     = {Neurosymbolic AI and its Taxonomy: a survey},
  year      = {2023},
  copyright = {arXiv.org perpetual, non-exclusive license},
  doi       = {10.48550/ARXIV.2305.08876},
  keywords  = {Neural and Evolutionary Computing (cs.NE), Artificial Intelligence (cs.AI), Machine Learning (cs.LG), FOS: Computer and information sciences, FOS: Computer and information sciences, I.2},
  publisher = {arXiv},
}

@Misc{Yu2021,
  author    = {Yu, Dongran and Yang, Bo and Liu, Dayou and Wang, Hui and Pan, Shirui},
  title     = {A Survey on Neural-symbolic Learning Systems},
  year      = {2021},
  copyright = {arXiv.org perpetual, non-exclusive license},
  doi       = {10.48550/ARXIV.2111.08164},
  keywords  = {Machine Learning (cs.LG), FOS: Computer and information sciences, FOS: Computer and information sciences},
  publisher = {arXiv},
}

@Misc{Wan2024,
  author    = {Wan, Zishen and Liu, Che-Kai and Yang, Hanchen and Li, Chaojian and You, Haoran and Fu, Yonggan and Wan, Cheng and Krishna, Tushar and Lin, Yingyan and Raychowdhury, Arijit},
  title     = {Towards Cognitive AI Systems: a Survey and Prospective on Neuro-Symbolic AI},
  year      = {2024},
  copyright = {arXiv.org perpetual, non-exclusive license},
  doi       = {10.48550/ARXIV.2401.01040},
  keywords  = {Artificial Intelligence (cs.AI), Hardware Architecture (cs.AR), FOS: Computer and information sciences, FOS: Computer and information sciences},
  publisher = {arXiv},
}

@Article{Marra2024,
  author    = {Marra, Giuseppe and Dumančić, Sebastijan and Manhaeve, Robin and De Raedt, Luc},
  journal   = {Artificial Intelligence},
  title     = {From statistical relational to neurosymbolic artificial intelligence: A survey},
  year      = {2024},
  issn      = {0004-3702},
  month     = mar,
  pages     = {104062},
  volume    = {328},
  doi       = {10.1016/j.artint.2023.104062},
  publisher = {Elsevier BV},
}
@article{MichelDeletie2024,
  author    = {Cyprien Michel-Deletie and Md. Kamruzzaman Sarker},
  title     = {Neuro-Symbolic methods for Trustworthy AI: a systematic review},
  journal   = {Neurosymbolic Artificial Intelligence},
  year      = {2024},
  editor    = {Guest Editors Trustworthy Neurosymbolic AI 2024},
  note      = {Tracking \#: 726-1708, Review Assignment Stage},
}

@Misc{Bouneffouf2022,
  author    = {Bouneffouf, Djallel and Aggarwal, Charu C.},
  title     = {Survey on Applications of Neurosymbolic Artificial Intelligence},
  year      = {2022},
  copyright = {Creative Commons Attribution 4.0 International},
  doi       = {10.48550/ARXIV.2209.12618},
  keywords  = {Artificial Intelligence (cs.AI), Symbolic Computation (cs.SC), FOS: Computer and information sciences, FOS: Computer and information sciences},
  publisher = {arXiv},
}

@Book{Hitzler2023,
  editor    = {Pascal Hitzler and Md. Kamruzzaman Sarker and Aaron Eberhart},
  publisher = {{IOS} Press},
  title     = {Compendium of Neurosymbolic Artificial Intelligence},
  year      = {2023},
  isbn      = {978-1-64368-406-2},
  series    = {Frontiers in Artificial Intelligence and Applications},
  volume    = {369},
  bibsource = {dblp computer science bibliography, https://dblp.org},
  biburl    = {https://dblp.org/rec/series/faia/369.bib},
  doi       = {10.3233/FAIA369},
  timestamp = {Mon, 05 Feb 2024 20:35:57 +0100},
  url       = {https://doi.org/10.3233/FAIA369},
}

 @InProceedings{Hitzler2021,
  author    = {Pascal Hitzler and Md Kamruzzaman Sarker},
  booktitle = {Neuro-Symbolic Artificial Intelligence},
  title     = {Neuro-Symbolic Artificial Intelligence: The State of the Art},
  year      = {2021},
  url       = {https://api.semanticscholar.org/CorpusID:245698629},
}

@book{Shakarian2023,
  author    = {Paulo Shakarian and Chitta Baral and Gerardo I. Simari and Bowen Xi and Lahari Pokala},
  title     = {Neuro Symbolic Reasoning and Learning},
  year      = {2023},
  series    = {SpringerBriefs in Computer Science},
  publisher = {Springer},
}


@Article{Sibert2024,
  author    = {Sibert, Catherine and Steffen, Sonke},
  journal   = {Proceedings of the AAAI Symposium Series},
  title     = {Opportunities and Challenges in Applying Generative Methods to Exploring and Validating the Common Model of Cognition},
  year      = {2024},
  issn      = {2994-4317},
  month     = jan,
  number    = {1},
  pages     = {406--408},
  volume    = {2},
  doi       = {10.1609/aaaiss.v2i1.27707},
  publisher = {Association for the Advancement of Artificial Intelligence (AAAI)},
}

 
@Article{Ororbia2024,
  author    = {Ororbia, Alexander G. and Kelly, Mary Alexandria},
  journal   = {Proceedings of the AAAI Symposium Series},
  title     = {A Neuro-Mimetic Realization of the Common Model of Cognition via Hebbian Learning and Free Energy Minimization},
  year      = {2024},
  issn      = {2994-4317},
  month     = jan,
  number    = {1},
  pages     = {369--378},
  volume    = {2},
  doi       = {10.1609/aaaiss.v2i1.27702},
  publisher = {Association for the Advancement of Artificial Intelligence (AAAI)},
}

 
@Article{Thomson2024,
  author    = {Thomson, Robert H. and Bastian, Nathaniel D.},
  journal   = {Proceedings of the AAAI Symposium Series},
  title     = {Integrating Cognitive Architectures with Foundation Models: Cognitively-Guided Few-Shot Learning to Support Trusted Artificial Intelligence},
  year      = {2024},
  issn      = {2994-4317},
  month     = jan,
  number    = {1},
  pages     = {409--414},
  volume    = {2},
  doi       = {10.1609/aaaiss.v2i1.27708},
  publisher = {Association for the Advancement of Artificial Intelligence (AAAI)},
}

 
@Article{West2024,
  author    = {West, Robert L. and Eckler, Spencer and Conway-Smith, Brendan and Turcas, Nico and Tomkins-Flanagan, Eilene and Kelly, Mary Alexandria},
  journal   = {Proceedings of the AAAI Symposium Series},
  title     = {Bridging Generative Networks with the Common Model of Cognition},
  year      = {2024},
  issn      = {2994-4317},
  month     = jan,
  number    = {1},
  pages     = {415--421},
  volume    = {2},
  publisher = {Association for the Advancement of Artificial Intelligence (AAAI)},
}

@Article{Laird2017,
  author    = {Laird, John E. and Lebiere, Christian and Rosenbloom, Paul S.},
  journal   = {AI Magazine},
  title     = {A Standard Model of the Mind: Toward a Common Computational Framework Across Artificial Intelligence, Cognitive Science, Neuroscience, and Robotics},
  year      = {2017},
  issn      = {2371-9621},
  month     = dec,
  number    = {4},
  pages     = {13--26},
  volume    = {38},
  doi       = {10.1609/aimag.v38i4.2744},
  publisher = {Wiley},
}

%%%%%%%%%%%%%%%%%%%%%%%%%%%% REMOVE 
@incollection{TOSM,
title        = {Activity Recognition for Shepherding},
author       = {A.J. Hepworth},
year         = 2021,
booktitle    = {Shepherding UxVs for Human-Swarm Teaming},
publisher    = {Springer, Cham.},
pages        = {131--164},
editor       = {H.A. Abbass and R.A. Hunjet},
chapter      = 7
}

%%%%%%%%%%%%%%%%%%%%%%%% start of lit review entries 



@Article{Calinescu2024,
  author   = {Calinescu, Radu and Imrie, Calum and Mangal, Ravi and Rodrigues, Genaína Nunes and Păsăreanu, Corina and Santana, Misael Alpizar and Vázquez, Gricel},
  journal  = {IEEE Transactions on Software Engineering},
  title    = {Controller Synthesis for Autonomous Systems with Deep-Learning Perception Components},
  year     = {2024},
  issn     = {1939-3520},
  pages    = {1--22},
  doi      = {10.1109/TSE.2024.3385378},
  url      = {https://github.com/ccimrie/DeepDECS},
}

@Article{Choi2024,
  author    = {Choi, Dongkyu},
  journal   = {Proceedings of the AAAI Symposium Series},
  title     = {On Using Generative Models in a Cognitive Architecture for Embodied Agents},
  year      = {2024},
  issn      = {2994-4317},
  month     = jan,
  number    = {1},
  pages     = {253--255},
  volume    = {2},
  doi       = {10.1609/aaaiss.v2i1.27684},
  publisher = {Association for the Advancement of Artificial Intelligence (AAAI)},
  url       = {https://github.com/ysymyth/awesome-language-agents},
}

@article{Dickens2024,
 author = {Charles Dickens and Changyu Gao and Connor Pryor and Stephen Wright and Lise Getoor},
 doi = {10.1109/iros47612.2022.9981440},
 journal = {arXiv preprint arXiv:2401.09651},
 note = {Submitted 17 January, 2024; originally announced January 2024},
 title = {Convex and Bilevel Optimization for Neuro-Symbolic Inference and Learning},
 url = {https://github.com/convexbilevelnesylearning/psl},
 year = {2024}
}

@article{Fang2024,
 author = {Meng Fang and Shilong Deng and Yudi Zhang and Zijing Shi and Ling Chen and Mykola Pechenizkiy and Jun Wang},
 comments = {Accepted by AAAI 2024},
 doi = {10.1609/aaai.v38i16.29754},
 journal = {arXiv preprint arXiv:2401.09334},
 note = {Submitted 17 January, 2024; originally announced January 2024},
 title = {Large Language Models Are Neurosymbolic Reasoners},
 url = {https://github.com/hyintell/llmsymbolic},
 year = {2024}
}


@Article{Joshi2024,
  author    = {Joshi, Himanshu and Ustun, Volkan},
  journal   = {Proceedings of the AAAI Symposium Series},
  title     = {Augmenting Cognitive Architectures with Large Language Models},
  year      = {2024},
  issn      = {2994-4317},
  month     = jan,
  number    = {1},
  pages     = {281--285},
  volume    = {2},
  doi       = {10.1609/aaaiss.v2i1.27689},
  publisher = {Association for the Advancement of Artificial Intelligence (AAAI)},
  url       = {https://github.com/ysymyth/awesome-language-agents},
}

@Article{Kirk2024,
  author    = {Kirk, James R. and Wray, Robert E. and Laird, John E.},
  journal   = {Proceedings of the AAAI Symposium Series},
  title     = {Exploiting Language Models as a Source of Knowledge for Cognitive Agents},
  year      = {2024},
  issn      = {2994-4317},
  month     = jan,
  number    = {1},
  pages     = {286--294},
  volume    = {2},
  doi       = {10.1609/aaaiss.v2i1.27690},
  publisher = {Association for the Advancement of Artificial Intelligence (AAAI)},
  url       = {https://github.com/zjunlp/Prompt4ReasoningPapers},
}

@Article{Knowles2024,
  author    = {Knowles, Kobe and Witbrock, Michael and Dobbie, Gillian and Yogarajan, Vithya},
  journal   = {Proceedings of the AAAI Symposium Series},
  title     = {A Proposal for a Language Model Based Cognitive Architecture},
  year      = {2024},
  issn      = {2994-4317},
  month     = jan,
  number    = {1},
  pages     = {295--301},
  volume    = {2},
  doi       = {10.1609/aaaiss.v2i1.27691},
  publisher = {Association for the Advancement of Artificial Intelligence (AAAI)},
  url       = {https://github.com/Aryia-Behroziuan/References},
}

@article{Kodnongbua2024,
 author = {Milin Kodnongbua and Lawrence H. Curtis and Adriana Schulz},
 doi = {10.1007/978-3-031-39179-8},
 journal = {arXiv preprint arXiv:2402.00052},
 note = {Submitted 25 January, 2024; originally announced February 2024},
 title = {Zero-shot Sequential Neuro-symbolic Reasoning for Automatically Generating Architecture Schematic Designs},
 url = {https://github.com/Yangyi-Chen/Multimodal-AND-Large-Language-Models},
 year = {2024}
}

@Article{Liu2024,
  author    = {Liu, Yanfei and Liu, Yuzhou and Shen, Chao},
  journal   = {Proceedings of the AAAI Symposium Series},
  title     = {Combining Minds and Machines: Investigating the Fusion of Cognitive Architectures and Generative Models for General Embodied Intelligence},
  year      = {2024},
  issn      = {2994-4317},
  month     = jan,
  number    = {1},
  pages     = {307--314},
  volume    = {2},
  doi       = {10.1609/aaaiss.v2i1.27693},
  publisher = {Association for the Advancement of Artificial Intelligence (AAAI)},
  url       = {https://github.com/Yangyi-Chen/Multimodal-AND-Large-Language-Models},
}

@article{Luo2024,
 author = {Lirui Luo and Guoxi Zhang and Hongming Xu and Yaodong Yang and Cong Fang and Qing Li},
 doi = {10.18653/v1/2022.findings-emnlp.345},
 journal = {arXiv preprint arXiv:2403.12451},
 note = {Submitted 19 March, 2024; originally announced March 2024},
 title = {INSIGHT: End-to-End Neuro-Symbolic Visual Reinforcement Learning with Language Explanations},
 url = {https://github.com/liruiluo/nsrl-vision-pub},
 year = {2024}
}



@article{Marconato2024,
 author = {Emanuele Marconato and Samuele Bortolotti and Emile van Krieken and Antonio Vergari and Andrea Passerini and Stefano Teso},
 doi = {10.1007/978-3-031-39179-8},
 journal = {arXiv preprint arXiv:2402.12240},
 note = {Submitted 19 February, 2024; originally announced February 2024},
 title = {BEARS Make Neuro-Symbolic Models Aware of their Reasoning Shortcuts},
 url = {https://github.com/samuelebortolotti/bears},
 year = {2024}
}

@Article{McDonald2024,
  author    = {McDonald, Chase and Malloy, Tyler and Nguyen, Thuy Ngoc and Gonzalez, Cleotilde},
  journal   = {Proceedings of the AAAI Symposium Series},
  title     = {Exploring the Path from Instructions to Rewards with Large Language Models in Instance-Based Learning},
  year      = {2024},
  issn      = {2994-4317},
  month     = jan,
  number    = {1},
  pages     = {334--339},
  volume    = {2},
  doi       = {10.1609/aaaiss.v2i1.27697},
  publisher = {Association for the Advancement of Artificial Intelligence (AAAI)},
  url       = {https://github.com/datainsightat/introduction_llm},
}

@InProceedings{Mukherji2024,
  author    = {Mukherji, Kaustuv and Parkar, Devendra and Pokala, Lahari and Aditya, Dyuman and Shakarian, Paulo and Dorman, Clark},
  booktitle = {2024 IEEE 18th International Conference on Semantic Computing (ICSC)},
  title     = {Scalable Semantic Non-Markovian Simulation Proxy for Reinforcement Learning},
  year      = {2024},
  month     = feb,
  pages     = {183--190},
  doi       = {10.1109/ICSC59802.2024.00035},
  issn      = {2472-9671},
  keywords  = {Training;Scalability;Computational modeling;Semantics;Reinforcement learning;Logic Programming;Neuro Symbolic Reasoning;Scalable Simulation;Reinforcement Learning;Non-Markovian Dynamics;AI Tools},
  url       = {https://github.com/yingchengyang/Reinforcement-Learning-Papers},
}

@Article{Oruganti2024,
  author    = {Oruganti, Sanjay and Nirenburg, Sergei and English, Jesse and McShane, Marjorie},
  journal   = {Proceedings of the AAAI Symposium Series},
  title     = {Automating Knowledge Acquisition for Content-Centric Cognitive Agents Using LLMs},
  year      = {2024},
  issn      = {2994-4317},
  month     = jan,
  number    = {1},
  pages     = {379--385},
  volume    = {2},
  doi       = {10.1609/aaaiss.v2i1.27703},
  publisher = {Association for the Advancement of Artificial Intelligence (AAAI)},
  url       = {https://github.com/AGI-Edgerunners/LLM-Agents-Papers},
}


@Article{Raja2024,
  author    = {Raja, Anita and Leshchenko, Alisa and Kim, Jihie},
  journal   = {Proceedings of the AAAI Symposium Series},
  title     = {Leveraging Conflict to Bridge Cognitive Reasoning and Generative Algorithms},
  year      = {2024},
  issn      = {2994-4317},
  month     = jan,
  number    = {1},
  pages     = {391--395},
  volume    = {2},
  doi       = {10.1609/aaaiss.v2i1.27705},
  publisher = {Association for the Advancement of Artificial Intelligence (AAAI)},
  url       = {https://github.com/cmhungsteve/Awesome-Transformer-Attention},
}

@Article{Romero2024,
  author    = {Romero, Oscar J. and Zimmerman, John and Steinfeld, Aaron and Tomasic, Anthony},
  journal   = {Proceedings of the AAAI Symposium Series},
  title     = {Synergistic Integration of Large Language Models and Cognitive Architectures for Robust AI: An Exploratory Analysis},
  year      = {2024},
  issn      = {2994-4317},
  month     = jan,
  number    = {1},
  pages     = {396--405},
  volume    = {2},
  doi       = {10.1609/aaaiss.v2i1.27706},
  publisher = {Association for the Advancement of Artificial Intelligence (AAAI)},
  url       = {https://github.com/ysymyth/awesome-language-agents},
}

@Article{Saha2024,
  author     = {Saha, Swapnil Sayan and Sandha, Sandeep Singh and Aggarwal, Mohit and Wang, Brian and Han, Liying and Briseno, Julian De Gortari and Srivastava, Mani},
  journal    = {ACM Trans. Embed. Comput. Syst.},
  title      = {TinyNS: Platform-aware Neurosymbolic Auto Tiny Machine Learning},
  year       = {2024},
  issn       = {1539-9087},
  month      = may,
  number     = {3},
  volume     = {23},
  address    = {New York, NY, USA},
  articleno  = {43},
  doi        = {10.1145/3603171},
  issue_date = {May 2024},
  keywords   = {Neurosymbolic, neural architecture search, TinyML, AutoML, bayesian, platform-aware},
  numpages   = {48},
  publisher  = {Association for Computing Machinery},
  url        = {https://github.com/nesl/neurosymbolic-tinyml},
}

@article{Sanders2024,
 author = {Kate Sanders and Nathaniel Weir and Benjamin Van Durme},
 comments = {9 pages, preprint, ACM Class: I.2.7; I.2.10},
 doi = {10.18653/v1/2021.emnlp-main.585},
 journal = {arXiv preprint arXiv:2402.19467},
 note = {Submitted 10 March, 2024; v1 submitted 29 February, 2024; originally announced February 2024},
 title = {TV-TREES: Multimodal Entailment Trees for Neuro-Symbolic Video Reasoning},
 url = {https://github.com/Xuchen-Li/cv-arxiv-daily},
 year = {2024}
}

@Article{Sanyal2024,
  author   = {Sanyal, Sourav and Manna, Rohan Kumar and Roy, Kaushik},
  journal  = {IEEE Robotics and Automation Letters},
  title    = {EV-Planner: Energy-Efficient Robot Navigation via Event-Based Physics-Guided Neuromorphic Planner},
  year     = {2024},
  issn     = {2377-3766},
  month    = mar,
  number   = {3},
  pages    = {2080--2087},
  volume   = {9},
  doi      = {10.1109/LRA.2024.3350982},
  keywords = {Cameras;Biological neural networks;Robots;Neurons;Neuromorphics;Navigation;Robot vision systems;Event cameras;neuromorphic vision;physics-based AI;spiking neural networks;vision-based navigation},
  url      = {https://github.com/souravsanyal06/ev-planner},
}

@Article{Trinh2024,
  author    = {Trinh, Trieu H. and Wu, Yuhuai and Le, Quoc V. and He, He and Luong, Thang},
  journal   = {Nature},
  title     = {Solving olympiad geometry without human demonstrations},
  year      = {2024},
  issn      = {1476-4687},
  month     = jan,
  number    = {7995},
  pages     = {476--482},
  volume    = {625},
  doi       = {10.1038/s41586-023-06747-5},
  publisher = {Springer Science and Business Media LLC},
  url       = {https://github.com/google-deepmind/alphageometry},
}



@misc{Ahmed2023,
 author = {Ahmed, Kareem and Chang, Kai-Wei and Broeck, Guy Van den},
 copyright = {arXiv.org perpetual, non-exclusive license},
 doi = {10.48550/ARXIV.2312.03905},
 keywords = {Machine Learning (cs.LG), Artificial Intelligence (cs.AI), Computation and Language (cs.CL), FOS: Computer and information sciences, FOS: Computer and information sciences},
 publisher = {arXiv},
 title = {A Pseudo-Semantic Loss for Autoregressive Models with Logical Constraints},
 url = {https://github.com/UCLA-StarAI/PseudoSL},
 year = {2023}
}

@misc{Ahmed2023a,
 author = {Ahmed, Kareem and Chang, Kai-Wei and Broeck, Guy Van den},
 copyright = {arXiv.org perpetual, non-exclusive license},
 doi = {10.48550/ARXIV.2302.14207},
 keywords = {Machine Learning (cs.LG), Artificial Intelligence (cs.AI), FOS: Computer and information sciences, FOS: Computer and information sciences},
 publisher = {arXiv},
 title = {Semantic Strengthening of Neuro-Symbolic Learning},
 url = {https://github.com/UCLA-StarAI/Semantic-Strengthening},
 year = {2023}
}

@article{Ahmed2023b,
 author = {Kareem Ahmed and Kai-Wei Chang and Guy Van den Broeck},
 comments = {Accepted at AISTATS 2023},
 doi = {10.3233/faia230153},
 journal = {arXiv preprint arXiv:2302.14207},
 note = {Submitted 27 February, 2023; originally announced February 2023},
 title = {Semantic Strengthening of Neuro-Symbolic Learning},
 url = {https://github.com/UCLA-StarAI/Semantic-Strengthening},
 year = {2023}
}

@article{Akl2023,
 author = {Hanna Abi Akl},
 comments = {10 pages, 3 figures, 2 tables, accepted for the Scholarly-QALD challenge at the International Semantic Web Conference (ISWC) 2023},
 doi = {10.1609/aaai.v35i6.16625},
 journal = {arXiv preprint arXiv:2310.12638},
 note = {Submitted 19 October, 2023; originally announced October 2023},
 title = {PSYCHIC: A Neuro-Symbolic Framework for Knowledge Graph Question-Answering Grounding},
 url = {https://github.com/HannaAbiAkl/PSYCHIC},
 year = {2023}
}

@article{Baugh2023,
 author = {Kexin Gu Baugh and Nuri Cingillioglu and Alessandra Russo},
 comments = {Accepted at AAAI-MAKE 2023, Journal ref: Proceedings of the AAAI 2023 Spring Symposium on Challenges Requiring the Combination of Machine Learning and Knowledge Engineering (AAAI-MAKE 2023), 2023},
 doi = {10.18653/v1/2023.acl-short.57},
 journal = {arXiv preprint arXiv:2303.16674},
 note = {Submitted 29 March, 2023; originally announced March 2023},
 title = {Neuro-symbolic Rule Learning in Real-world Classification Tasks},
 url = {https://github.com/kittykg/neural-dnf-cub},
 year = {2023}
}

@article{Chanin2023,
 author = {David Chanin and Anthony Hunter},
 journal = {arXiv preprint arXiv:2303.08264},
 note = {Submitted 14 March, 2023; originally announced March 2023},
 title = {Neuro-symbolic Commonsense Social Reasoning},
 url = {https://github.com/chanind/amr-logic-converter},
 year = {2023}
}

@misc{Chen2023,
 author = {Chen, Zeming and Weiss, Gail and Mitchell, Eric and Celikyilmaz, Asli and Bosselut, Antoine},
 copyright = {Creative Commons Attribution 4.0 International},
 doi = {10.48550/ARXIV.2305.06349},
 keywords = {Computation and Language (cs.CL), Artificial Intelligence (cs.AI), Machine Learning (cs.LG), FOS: Computer and information sciences, FOS: Computer and information sciences},
 publisher = {arXiv},
 title = {RECKONING: Reasoning through Dynamic Knowledge Encoding},
 url = {https://github.com/eric11eca/reckoning-metakg},
 year = {2023}
}


@article{Chen2023b,
 author = {Zhenfang Chen and Rui Sun and Wenjun Liu and Yining Hong and Chuang Gan},
 doi = {10.3233/faia230544},
 journal = {arXiv preprint arXiv:2311.04901},
 note = {Submitted 8 November, 2023; originally announced November 2023},
 title = {GENOME: GenerativE Neuro-symbOlic visual reasoning by growing and reusing ModulEs},
 url = {https://github.com/UMass-Foundation-Model/genome},
 year = {2023}
}


@misc{Gao2023,
 author = {Gao, Silin and Borges, Beatriz and Oh, Soyoung and Bayazit, Deniz and Kanno, Saya and Wakaki, Hiromi and Mitsufuji, Yuki and Bosselut, Antoine},
 copyright = {arXiv.org perpetual, non-exclusive license},
 doi = {10.48550/ARXIV.2305.02364},
 keywords = {Computation and Language (cs.CL), FOS: Computer and information sciences, FOS: Computer and information sciences},
 publisher = {arXiv},
 title = {PeaCoK: Persona Commonsense Knowledge for Consistent and Engaging Narratives},
 url = {https://github.com/silin159/peacok},
 year = {2023}
}

@InProceedings{Gomaa2023,
  author    = {Gomaa, Amr and Feld, Michael},
  booktitle = {Proceedings of the 25th International Conference on Multimodal Interaction},
  title     = {Towards Adaptive User-centered Neuro-symbolic Learning for Multimodal Interaction with Autonomous Systems},
  year      = {2023},
  address   = {New York, NY, USA},
  pages     = {689--694},
  publisher = {Association for Computing Machinery},
  series    = {ICMI '23},
  doi       = {10.1145/3577190.3616121},
  isbn      = {9798400700552},
  keywords  = {Adaptive Models, Data Fusion, Human-Centered Artificial Intelligence, Multimodal Interaction, Personalization},
  location  = {<conf-loc>, <city>Paris</city>, <country>France</country>, </conf-loc>},
  numpages  = {6},
  url       = {https://github.com/tmgthb/Autonomous-Agents},
}

@article{Gomaa2023a,
 author = {Amr Gomaa and Michael Feld},
 comments = {AI&HCI Workshop accepted paper at ICML2023 and accepted at ICMI2023 Blue Sky Papers. arXiv admin note: text overlap with arXiv:2211.03539},
 doi = {10.1145/3577190.3616121},
 journal = {arXiv preprint arXiv:2309.05787},
 note = {Submitted 11 September, 2023; originally announced September 2023},
 title = {Adaptive User-centered Neuro-symbolic Learning for Multimodal Interaction with Autonomous Systems},
 url = {https://github.com/tmgthb/Autonomous-Agents},
 year = {2023}
}

@InProceedings{Gupta2023a,
  author    = {Gupta, Tanmay and Kembhavi, Aniruddha},
  booktitle = {2023 IEEE/CVF Conference on Computer Vision and Pattern Recognition (CVPR)},
  title     = {Visual Programming: Compositional visual reasoning without training},
  year      = {2023},
  month     = jun,
  pages     = {14953--14962},
  doi       = {10.1109/CVPR52729.2023.01436},
  issn      = {2575-7075},
  keywords  = {Training;Visualization;Computer vision;Computational modeling;Tail;Programming;Tagging;Vision;language;and reasoning},
  url       = {https://github.com/allenai/visprog},
}

@article{Harini2023,
 author = {S I Harini and Gautam Shroff and Ashwin Srinivasan and Prayushi Faldu and Lovekesh Vig},
 comments = {To appear in Muffin@AAAI'23},
 doi = {10.18653/v1/2021.emnlp-main.283},
 journal = {arXiv preprint arXiv:2302.08996},
 note = {Submitted 15 January, 2023; originally announced February 2023},
 title = {Neuro-symbolic Meta Reinforcement Learning for Trading},
 url = {https://github.com/IBM/neuro-symbolic-ai},
 year = {2023}
}

@Article{Harmon2023,
  author   = {Harmon, Ira and Marconi, Sergio and Weinstein, Ben and Bai, Yang and Wang, Daisy Zhe and White, Ethan and Bohlman, Stephanie},
  journal  = {IEEE Geoscience and Remote Sensing Letters},
  title    = {Improving Rare Tree Species Classification Using Domain Knowledge},
  year     = {2023},
  issn     = {1558-0571},
  pages    = {1--5},
  volume   = {20},
  doi      = {10.1109/LGRS.2023.3278170},
  keywords = {Biological system modeling;Forestry;Data models;Vegetation;Mathematical models;Task analysis;Convolutional neural networks;Convolutional neural network (CNN);explainable machine learning;neuro-symbolics (NS);remote sensing (RS);tree species classification},
  url      = {https://github.com/satellite-image-deep-learning/techniques},
}

@InProceedings{Haut2023,
  author    = {Haut, Nathan and Punch, Bill and Banzhaf, Wolfgang},
  booktitle = {Proceedings of the Companion Conference on Genetic and Evolutionary Computation},
  title     = {Active Learning Informs Symbolic Regression Model Development in Genetic Programming},
  year      = {2023},
  address   = {New York, NY, USA},
  pages     = {587--590},
  publisher = {Association for Computing Machinery},
  series    = {GECCO '23 Companion},
  doi       = {10.1145/3583133.3590577},
  isbn      = {9798400701207},
  keywords  = {active learning, symbolic regression, genetic programming},
  location  = {Lisbon, Portugal},
  numpages  = {4},
  url       = {https://github.com/hoolagans/stackgp},
}

@InProceedings{Hazra2023,
  author    = {Hazra, Rishi and Chen, Brian and Rai, Akshara and Kamra, Nitin and Desai, Ruta},
  booktitle = {2023 IEEE/CVF International Conference on Computer Vision (ICCV)},
  title     = {EgoTV: Egocentric Task Verification from Natural Language Task Descriptions},
  year      = {2023},
  month     = oct,
  pages     = {15371--15383},
  doi       = {10.1109/ICCV51070.2023.01414},
  issn      = {2380-7504},
  keywords  = {Visualization;Computer vision;Grounding;Natural languages;Benchmark testing;Cognition;Task analysis},
  url       = {https://github.com/facebookresearch/EgoTV},
}

@article{Hazra2023a,
 author = {Rishi Hazra and Luc De Raedt},
 comments = {Abridged version accepted in ECML-PKDD 2023},
 doi = {10.1007/978-3-031-43421-1_13},
 journal = {arXiv preprint arXiv:2304.08349},
 note = {Submitted 14 July, 2023; v1 submitted 17 April, 2023; originally announced April 2023},
 title = {Deep Explainable Relational Reinforcement Learning: A Neuro-Symbolic Approach},
 url = {https://github.com/thuwzy/Neural-Symbolic-and-Probabilistic-Logic-Papers},
 year = {2023}
}

@Article{He2023,
  author   = {He, Tao and Gao, Lianli and Song, Jingkuan and Li, Yuan-Fang},
  journal  = {IEEE Transactions on Image Processing},
  title    = {Toward a Unified Transformer-Based Framework for Scene Graph Generation and Human-Object Interaction Detection},
  year     = {2023},
  issn     = {1941-0042},
  pages    = {6274--6288},
  volume   = {32},
  doi      = {10.1109/TIP.2023.3330304},
  keywords = {Task analysis;Visualization;Transformers;Training;Semantics;Predictive models;Multitasking;Scene graph generation;human-object interaction;one-stage network;multi-tasks training},
  url      = {https://github.com/DirtyHarryLYL/Transformer-in-Vision},
}

@InProceedings{Himabindu2023,
  author    = {Himabindu, Modi and V, Revathi and Gupta, Manish and Rana, Ajay and Chandra, Pradeep Kumar and Abdulaali, Hayder Saadoon},
  booktitle = {2023 10th IEEE Uttar Pradesh Section International Conference on Electrical, Electronics and Computer Engineering (UPCON)},
  title     = {Neuro-Symbolic AI: Integrating Symbolic Reasoning with Deep Learning},
  year      = {2023},
  month     = dec,
  pages     = {1587--1592},
  volume    = {10},
  doi       = {10.1109/UPCON59197.2023.10434380},
  issn      = {2687-7767},
  keywords  = {Deep learning;Cognition;Robustness;Data models;Noise measurement;Artificial intelligence;Task analysis;Neuro-symbolic AI;Symbolic Reasoning;Deep Learning;Knowledge Representation;Cognitive AI Systems},
  url       = {https://github.com/thuwzy/Neural-Symbolic-and-Probabilistic-Logic-Papers},
}

@article{Howard2023,
 author = {Phillip Howard and Junlin Wang and Vasudev Lal and Gadi Singer and Yejin Choi and Swabha Swayamdipta},
 comments = {Accepted to NAACL 2024 Findings},
 doi = {10.5220/0011718500003393},
 journal = {arXiv preprint arXiv:2305.04978},
 note = {Submitted 5 April, 2024; v1 submitted 8 May, 2023; originally announced May 2023},
 title = {NeuroComparatives: Neuro-Symbolic Distillation of Comparative Knowledge},
 url = {https://github.com/KSESEU/LLMPapers/blob/main/README.md},
 year = {2023}
}

@InProceedings{Hsu2023,
  author    = {Hsu, Joy and Mao, Jiayuan and Wu, Jiajun},
  booktitle = {2023 IEEE/CVF Conference on Computer Vision and Pattern Recognition (CVPR)},
  title     = {NS3D: Neuro-Symbolic Grounding of 3D Objects and Relations},
  year      = {2023},
  month     = jun,
  pages     = {2614--2623},
  doi       = {10.1109/CVPR52729.2023.00257},
  issn      = {2575-7075},
  keywords  = {Visualization;Solid modeling;Three-dimensional displays;Grounding;Computational modeling;Semantics;Neural networks;Vision;language;reasoning},
  url       = {https://github.com/joyhsu0504/NS3D},
}

@article{Huang2023,
 author = {Jiani Huang and Ziyang Li and Mayur Naik and Ser-Nam Lim},
 doi = {10.23919/eusipco58844.2023.10289877},
 journal = {arXiv preprint arXiv:2304.07647},
 note = {Submitted 22 November, 2023; v1 submitted 15 April, 2023; originally announced April 2023},
 title = {LASER: A Neuro-Symbolic Framework for Learning Spatial-Temporal Scene Graphs with Weak Supervision},
 url = {https://github.com/isLinXu/paper-list},
 year = {2023}
}

@misc{Ismayilzada2023,
 author = {Ismayilzada, Mete and Paul, Debjit and Montariol, Syrielle and Geva, Mor and Bosselut, Antoine},
 copyright = {Creative Commons Attribution 4.0 International},
 doi = {10.48550/ARXIV.2310.15239},
 keywords = {Computation and Language (cs.CL), Artificial Intelligence (cs.AI), FOS: Computer and information sciences, FOS: Computer and information sciences},
 publisher = {arXiv},
 title = {CRoW: Benchmarking Commonsense Reasoning in Real-World Tasks},
 url = {https://github.com/mismayil/crow},
 year = {2023}
}

@InProceedings{Kim2023,
  author    = {Kim, Hyunjin and Bak, Jinyeong and Cho, Kyunghyun and Koo, Hyungjoon},
  booktitle = {Proceedings of the 2023 ACM Asia Conference on Computer and Communications Security},
  title     = {A Transformer-based Function Symbol Name Inference Model from an Assembly Language for Binary Reversing},
  year      = {2023},
  address   = {New York, NY, USA},
  pages     = {951--965},
  publisher = {Association for Computing Machinery},
  series    = {ASIA CCS '23},
  doi       = {10.1145/3579856.3582823},
  isbn      = {9798400700989},
  keywords  = {Transformer, assembly, function name, neural networks, reversing},
  location  = {<conf-loc>, <city>Melbourne</city>, <state>VIC</state>, <country>Australia</country>, </conf-loc>},
  numpages  = {15},
  url       = {https://github.com/agwaBom/AsmDepictor},
}

@misc{Klinger2023,
 author = {Klinger, Tim and Liu, Luke and Dan, Soham and Crouse, Maxwell and Ram, Parikshit and Gray, Alexander},
 copyright = {Creative Commons Attribution 4.0 International},
 doi = {10.48550/ARXIV.2309.16467},
 keywords = {Machine Learning (cs.LG), FOS: Computer and information sciences, FOS: Computer and information sciences},
 publisher = {arXiv},
 title = {Compositional Program Generation for Few-Shot Systematic Generalization},
 url = {https://github.com/IBM/cpg},
 year = {2023}
}

@InBook{Lima2023,
  author    = {Lima, Guilherme and Rademaker, Alexandre and Uceda-Sosa, Rosario},
  pages     = {55--71},
  publisher = {Springer Nature Switzerland},
  title     = {ULKB Logic: A HOL-Based Framework for Reasoning over Knowledge Graphs},
  year      = {2023},
  isbn      = {9783031493423},
  month     = dec,
  booktitle = {Formal Methods: Foundations and Applications},
  doi       = {10.1007/978-3-031-49342-3_4},
  issn      = {1611-3349},
  url       = {https://github.com/IBM/ULKB},
}

@article{Marconato2023,
 author = {Emanuele Marconato and Gianpaolo Bontempo and Elisa Ficarra and Simone Calderara and Andrea Passerini and Stefano Teso},
 comments = {40th International Conference on Machine Learning (ICML 2023)},
 doi = {10.1007/978-3-031-39179-8},
 journal = {arXiv preprint arXiv:2302.01242},
 note = {Submitted 19 December, 2023; v1 submitted 2 February, 2023; originally announced February 2023},
 title = {Neuro-Symbolic Continual Learning: Knowledge, Reasoning Shortcuts and Concept Rehearsal},
 url = {https://github.com/ema-marconato/nesy-cl},
 year = {2023}
}

@article{Marconato2023a,
 author = {Emanuele Marconato and Stefano Teso and Antonio Vergari and Andrea Passerini},
 comments = {37th Conference on Neural Information Processing Systems (NeurIPS 2023)},
 doi = {10.1017/cbo9780511574917.007},
 journal = {arXiv preprint arXiv:2305.19951},
 note = {Submitted 18 December, 2023; v1 submitted 31 May, 2023; originally announced May 2023},
 title = {Not All Neuro-Symbolic Concepts Are Created Equal: Analysis and Mitigation of Reasoning Shortcuts},
 url = {https://github.com/ema-marconato/reasoning-shortcuts},
 year = {2023}
}

@InProceedings{Marron2023,
  author    = {Marron, Mark},
  booktitle = {Proceedings of the 2023 ACM SIGPLAN International Symposium on New Ideas, New Paradigms, and Reflections on Programming and Software},
  title     = {Toward Programming Languages for Reasoning: Humans, Symbolic Systems, and AI Agents},
  year      = {2023},
  address   = {New York, NY, USA},
  pages     = {136--152},
  publisher = {Association for Computing Machinery},
  series    = {Onward! 2023},
  doi       = {10.1145/3622758.3622895},
  isbn      = {9798400703881},
  keywords  = {Reasoning, Programming Language Design},
  location  = {<conf-loc>, <city>Cascais</city>, <country>Portugal</country>, </conf-loc>},
  numpages  = {17},
  url       = {https://github.com/Yangyi-Chen/Multimodal-AND-Large-Language-Models},
}

@InProceedings{Mghames2023,
  author    = {Mghames, Sariah and Castri, Luca and Hanheide, Marc and Bellotto, Nicola},
  booktitle = {2023 International Joint Conference on Neural Networks (IJCNN)},
  title     = {A Neuro-Symbolic Approach for Enhanced Human Motion Prediction},
  year      = {2023},
  month     = jun,
  pages     = {1--8},
  doi       = {10.1109/IJCNN54540.2023.10191970},
  issn      = {2161-4407},
  keywords  = {Navigation;Dynamics;Time series analysis;Social robots;Neural networks;Predictive models;Cognition},
  url       = {https://github.com/sariahmghames/neurosym-prediction},
}

@misc{Min2023,
 author = {Min, Tan John Chong},
 copyright = {Creative Commons Attribution Non Commercial No Derivatives 4.0 International},
 doi = {10.48550/ARXIV.2306.03553},
 keywords = {Artificial Intelligence (cs.AI), FOS: Computer and information sciences, FOS: Computer and information sciences},
 publisher = {arXiv},
 title = {An Approach to Solving the Abstraction and Reasoning Corpus (ARC) Challenge},
 url = {https://github.com/tanchongmin/arc-challenge},
 year = {2023}
}

@InProceedings{Namasivayam2023,
  author    = {K, Namasivayam and Singh, Himanshu and Bindal, Vishal and Tuli, Arnav and Agrawal, Vishwajeet and Jain, Rahul and Singla, Parag and Paul, Rohan},
  booktitle = {2023 IEEE International Conference on Robotics and Automation (ICRA)},
  title     = {Learning Neuro-symbolic Programs for Language Guided Robot Manipulation},
  year      = {2023},
  month     = may,
  pages     = {7973--7980},
  doi       = {10.1109/ICRA48891.2023.10160545},
  keywords  = {Training;Limiting;Semantics;Symbols;Linguistics;Manipulators;Cognition},
  url       = {https://github.com/dair-iitd/nsrmp},
}

@article{NunezMolina2023,
 author = {Carlos Núñez-Molina and Pablo Mesejo and Juan Fernández-Olivares},
 doi = {10.1609/aaai.v38i21.30409},
 journal = {arXiv preprint arXiv:2301.10280},
 note = {Submitted 24 January, 2023; originally announced January 2023},
 title = {NeSIG: A Neuro-Symbolic Method for Learning to Generate Planning Problems},
 url = {https://github.com/IBM/neuro-symbolic-ai},
 year = {2023}
}

@article{Olausson2023,
 author = {Theo X. Olausson and Alex Gu and Benjamin Lipkin and Cedegao E. Zhang and Armando Solar-Lezama and Joshua B. Tenenbaum and Roger Levy},
 comments = {EMNLP Main 2023 (Outstanding Paper Award), Journal ref: Proceedings of the 2023 Conference on Empirical Methods in Natural Language Processing, pages 5153-5176, Singapore. Association for Computational Linguistics},
 doi = {10.18653/v1/2023.emnlp-main.313},
 journal = {arXiv preprint arXiv:2310.15164},
 note = {Submitted 14 February, 2024; v1 submitted 23 October, 2023; originally announced October 2023},
 title = {LINC: A Neurosymbolic Approach for Logical Reasoning by Combining Language Models with First-Order Logic Provers},
 url = {https://github.com/benlipkin/linc},
 year = {2023}
}

@article{Papoulias2023,
 author = {Nick Papoulias},
 comments = {18 pages, 6 figures},
 doi = {10.1109/cict56698.2022.9997814},
 journal = {arXiv preprint arXiv:2303.07146},
 note = {Submitted 13 March, 2023; originally announced March 2023},
 title = {NeuroQL: A Neuro-Symbolic Language and Dataset for Inter-Subjective Reasoning},
 url = {https://github.com/orgdlabs/neuroQL},
 year = {2023}
}

@InProceedings{Potnis2023,
  author    = {Potnis, Abhishek and Lunga, Dalton and Sorokine, Alexandre and Dias, Philipe and Yang, Lexie and Arndt, Jacob and Bowman, Jordan and Wohlgemuth, Jason},
  booktitle = {IGARSS 2023 - 2023 IEEE International Geoscience and Remote Sensing Symposium},
  title     = {Towards Geospatial Knowledge Graph Infused Neuro-Symbolic AI for Remote Sensing Scene Understanding},
  year      = {2023},
  month     = jul,
  pages     = {1400--1403},
  doi       = {10.1109/IGARSS52108.2023.10281958},
  issn      = {2153-7003},
  keywords  = {Deep learning;Pipelines;Knowledge graphs;Artificial neural networks;Object detection;Cognition;Geospatial analysis;geospatial knowledge graphs;neuro-symbolic;knowledge-infused learning;remote sensing;scene understanding;deep learning;representation learning;knowledge graph embedding},
  url       = {https://github.com/isLinXu/paper-list},
}

@InProceedings{Potteiger2023,
  author    = {Potteiger, Nicholas and Koutsoukos, Xenofon},
  booktitle = {2023 IEEE International Conference on Assured Autonomy (ICAA)},
  title     = {Safe Explainable Agents for Autonomous Navigation using Evolving Behavior Trees},
  year      = {2023},
  month     = jun,
  pages     = {44--52},
  doi       = {10.1109/ICAA58325.2023.00014},
  keywords  = {Training;Navigation;Neural networks;Reinforcement learning;Switches;Autonomous agents;Safety;explainable AI;behavior trees;hierarchical reinforcement learning;autonomous navigation},
  url       = {https://github.com/tmgthb/Autonomous-Agents},
}

@InProceedings{Purohit2023,
  author    = {Purohit, Disha and Chudasama, Yashrajsinh and Rivas, Ariam and Vidal, Maria-Esther},
  booktitle = {Proceedings of the 12th Knowledge Capture Conference 2023},
  title     = {SPaRKLE: Symbolic caPtuRing of knowledge for Knowledge graph enrichment with LEarning},
  year      = {2023},
  address   = {New York, NY, USA},
  pages     = {44--52},
  publisher = {Association for Computing Machinery},
  series    = {K-CAP '23},
  doi       = {10.1145/3587259.3627547},
  isbn      = {9798400701412},
  keywords  = {Inductive Learning, Knowledge Graphs, Symbolic Learning},
  location  = {<conf-loc>, <city>Pensacola</city>, <state>FL</state>, <country>USA</country>, </conf-loc>},
  numpages  = {9},
  url       = {https://github.com/SDM-TIB/SPARKLE},
}

@InProceedings{Raj2023,
  author    = {Raj, Kislay},
  booktitle = {Proceedings of the 32nd ACM International Conference on Information and Knowledge Management},
  title     = {A Neuro-symbolic Approach to Enhance Interpretability of Graph Neural Network through the Integration of External Knowledge},
  year      = {2023},
  address   = {New York, NY, USA},
  pages     = {5177--5180},
  publisher = {Association for Computing Machinery},
  series    = {CIKM '23},
  doi       = {10.1145/3583780.3616008},
  isbn      = {9798400701245},
  keywords  = {graph neural network, graph analysis, explainable ai, deep representation learning},
  location  = {<conf-loc>, <city>Birmingham</city>, <country>United Kingdom</country>, </conf-loc>},
  numpages  = {4},
  url       = {https://github.com/thuwzy/Neural-Symbolic-and-Probabilistic-Logic-Papers},
}

@Article{Raymond2023,
  author   = {Raymond, Christian and Chen, Qi and Xue, Bing and Zhang, Mengjie},
  journal  = {IEEE Transactions on Pattern Analysis and Machine Intelligence},
  title    = {Learning Symbolic Model-Agnostic Loss Functions via Meta-Learning},
  year     = {2023},
  issn     = {1939-3539},
  month    = nov,
  number   = {11},
  pages    = {13699--13714},
  volume   = {45},
  doi      = {10.1109/TPAMI.2023.3294394},
  keywords = {Task analysis;Metalearning;Optimization;Training;Market research;Genetic programming;Computer architecture;Loss function learning;meta-learning;evolutionary computation;neuro-symbolic},
  url      = {https://github.com/decadz/evolved-model-agnostic-loss},
}



@article{Sharifi2023,
 author = {Iman Sharifi and Mustafa Yildirim and Saber Fallah},
 comments = {15 pages, 9 figures, 1 table, 1 algorithm. Under review as a journal paper at IEEE transactions on Intelligent Transportation Systems},
 doi = {10.1109/tpami.2023.3322426},
 journal = {arXiv preprint arXiv:2307.01316},
 note = {Submitted 13 July, 2023; v1 submitted 3 July, 2023; originally announced July 2023},
 title = {Towards Safe Autonomous Driving Policies using a Neuro-Symbolic Deep Reinforcement Learning Approach},
 url = {https://github.com/cav-research-lab/safe-reinforcement-learning-using-symbolic-logical-programming-for-autonomous-highway-driving},
 year = {2023}
}

@InProceedings{Shirai2023,
  author     = {Shirai, Sola and Bhattacharjya, Debarun and Hassanzadeh, Oktie},
  booktitle  = {Proceedings of the ACM Web Conference 2023},
  title      = {Event Prediction using Case-Based Reasoning over Knowledge Graphs},
  year       = {2023},
  month      = apr,
  publisher  = {ACM},
  series     = {WWW ’23},
  collection = {WWW ’23},
  doi        = {10.1145/3543507.3583201},
  url        = {https://github.com/solashirai/www-evcbr},
}

@Article{Smirnova2023,
  author   = {Smirnova, Alisa and Yang, Jie and Yang, Dingqi and Cudre-Mauroux, Philippe},
  journal  = {IEEE Transactions on Knowledge and Data Engineering},
  title    = {Nessy: A Neuro-Symbolic System for Label Noise Reduction},
  year     = {2023},
  issn     = {1558-2191},
  month    = aug,
  number   = {8},
  pages    = {8300--8311},
  volume   = {35},
  doi      = {10.1109/TKDE.2022.3199570},
  keywords = {Probabilistic logic;Data models;Noise measurement;Feature extraction;Deep learning;Training data;Data mining;Noise reduction;neuro-symbolic systems;deep probabilistic model;relation extraction;distant supervision},
  url      = {https://github.com/eXascaleInfolab/Nessy_RE},
}

@misc{Sumers2023,
 author = {Sumers, Theodore R. and Yao, Shunyu and Narasimhan, Karthik and Griffiths, Thomas L.},
 copyright = {Creative Commons Attribution 4.0 International},
 doi = {10.48550/ARXIV.2309.02427},
 keywords = {Artificial Intelligence (cs.AI), Computation and Language (cs.CL), Machine Learning (cs.LG), Symbolic Computation (cs.SC), FOS: Computer and information sciences, FOS: Computer and information sciences},
 publisher = {arXiv},
 title = {Cognitive Architectures for Language Agents},
 url = {https://github.com/ysymyth/awesome-language-agents},
 year = {2023}
}

@InProceedings{Takenaka2023,
  author    = {Takenaka, Patrick and Maucher, Johannes and Huber, Marco F.},
  booktitle = {2023 IEEE/CVF International Conference on Computer Vision Workshops (ICCVW)},
  title     = {Guiding Video Prediction with Explicit Procedural Knowledge},
  year      = {2023},
  month     = oct,
  pages     = {1076--1084},
  doi       = {10.1109/ICCVW60793.2023.00116},
  issn      = {2473-9944},
  keywords  = {Deep learning;Computer vision;Parameter estimation;Conferences;Architecture;Buildings;Predictive models;Informed Machine Learning;Neuro Symbolic AI;Video Prediction},
  url       = {https://github.com/DmitryRyumin/ICCV-2023-Papers/blob/main/sections/2023/workshops/w-representation-learning-with-very-limited-images.md},
}

@article{Tao2023,
 author = {Lue Tao and Yu-Xuan Huang and Wang-Zhou Dai and Yuan Jiang},
 doi = {10.1609/aaai.v38i14.29455},
 journal = {arXiv preprint arXiv:2308.10487},
 note = {Submitted 23 January, 2024; v1 submitted 21 August, 2023; originally announced August 2023},
 title = {Deciphering Raw Data in Neuro-Symbolic Learning with Provable Guarantees},
 url = {https://github.com/abductivelearning/abl-tl},
 year = {2023}
}

@InProceedings{Wang2023,
  author    = {Wang, Yifeng and Tu, Zhi and Xiang, Yiwen and Zhou, Shiyuan and Chen, Xiyuan and Li, Bingxuan and Zhang, Tianyi},
  booktitle = {Proceedings of the 29th ACM SIGKDD Conference on Knowledge Discovery and Data Mining},
  title     = {Rapid Image Labeling via Neuro-Symbolic Learning},
  year      = {2023},
  address   = {New York, NY, USA},
  pages     = {2467--2477},
  publisher = {Association for Computing Machinery},
  series    = {KDD '23},
  doi       = {10.1145/3580305.3599485},
  isbn      = {9798400701030},
  keywords  = {active learning, image labeling, inductive logic learning, neuro-symbolic learning},
  location  = {<conf-loc>, <city>Long Beach</city>, <state>CA</state>, <country>USA</country>, </conf-loc>},
  numpages  = {11},
  url       = {https://github.com/Neural-Symbolic-Image-Labeling/Rapid},
}

@InProceedings{Werner2023,
  author    = {Werner, Luisa and Layaïda, Nabil and Genevès, Pierre and Chlyah, Sarah},
  booktitle = {2023 IEEE 10th International Conference on Data Science and Advanced Analytics (DSAA)},
  title     = {Knowledge Enhanced Graph Neural Networks},
  year      = {2023},
  month     = oct,
  pages     = {1--10},
  doi       = {10.1109/DSAA60987.2023.10302495},
  keywords  = {Knowledge engineering;Semantic Web;Social networking (online);Semantics;Refining;Benchmark testing;Data science;neuro-symbolic integration;graph neural networks;relational learning;knowledge graphs;fuzzy logic},
  url       = {https://github.com/RUCDM/KB4Rec},
}

@article{Yang2023,
 author = {Sen Yang and Xin Li and Leyang Cui and Lidong Bing and Wai Lam},
 doi = {10.1109/twc.2023.3319981},
 journal = {arXiv preprint arXiv:2311.09802},
 note = {Submitted 16 November, 2023; originally announced November 2023},
 title = {Neuro-Symbolic Integration Brings Causal and Reliable Reasoning Proofs},
 url = {https://github.com/damo-nlp-sg/caring},
 year = {2023}
}

@misc{Zhou2023,
 author = {Zhou, Yanli and Feinman, Reuben and Lake, Brenden M.},
 copyright = {Creative Commons Attribution 4.0 International},
 doi = {10.48550/ARXIV.2305.19374},
 keywords = {Computer Vision and Pattern Recognition (cs.CV), Artificial Intelligence (cs.AI), Machine Learning (cs.LG), FOS: Computer and information sciences, FOS: Computer and information sciences},
 publisher = {arXiv},
 title = {Compositional diversity in visual concept learning},
 url = {https://github.com/yanlizhou/CompositionalDiversity},
 year = {2023}
}

@InProceedings{Agafonov2022,
  author    = {Agafonov, Anton and Ponomarev, Andrew},
  booktitle = {2022 IEEE International Multi-Conference on Engineering, Computer and Information Sciences (SIBIRCON)},
  title     = {Localization of Ontology Concepts in Deep Convolutional Neural Networks},
  year      = {2022},
  month     = nov,
  pages     = {160--165},
  doi       = {10.1109/SIBIRCON56155.2022.10016932},
  keywords  = {Deep learning;Location awareness;Shape;Neural networks;Ontologies;Network architecture;Data mining;explainable AI;XAI;neuro-symbolic intelligence;ontologies;neural networks},
  url       = {https://github.com/aaagafonov/Concept-Localization-Experiments},
}

@article{Ahmed2022,
 author = {Kareem Ahmed and Stefano Teso and Kai-Wei Chang and Guy Van den Broeck and Antonio Vergari},
 doi = {10.3233/faia230153},
 journal = {arXiv preprint arXiv:2206.00426},
 note = {Submitted 1 June, 2022; originally announced June 2022},
 title = {Semantic Probabilistic Layers for Neuro-Symbolic Learning},
 url = {https://github.com/thuwzy/Neural-Symbolic-and-Probabilistic-Logic-Papers},
 year = {2022}
}

@Article{Ahmetoglu2022,
  author     = {Ahmetoglu, Alper and Seker, M. Yunus and Piater, Justus and Oztop, Erhan and Ugur, Emre},
  journal    = {J. Artif. Int. Res.},
  title      = {DeepSym: Deep Symbol Generation and Rule Learning for Planning from Unsupervised Robot Interaction},
  year       = {2022},
  issn       = {1076-9757},
  month      = dec,
  volume     = {75},
  address    = {El Segundo, CA, USA},
  doi        = {10.1613/jair.1.13754},
  issue_date = {Dec 2022},
  numpages   = {37},
  publisher  = {AI Access Foundation},
  url        = {https://github.com/alper111/DeepSym},
}

@Article{Badreddine2022,
  author    = {Badreddine, Samy and d’Avila Garcez, Artur and Serafini, Luciano and Spranger, Michael},
  journal   = {Artificial Intelligence},
  title     = {Logic Tensor Networks},
  year      = {2022},
  issn      = {0004-3702},
  month     = feb,
  pages     = {103649},
  volume    = {303},
  doi       = {10.1016/j.artint.2021.103649},
  publisher = {Elsevier BV},
  url       = {https://github.com/logictensornetworks/logictensornetworks},
}



@InProceedings{Chitnis2022,
  author    = {Chitnis, Rohan and Silver, Tom and Tenenbaum, Joshua B. and Lozano-Pérez, Tomás and Kaelbling, Leslie Pack},
  booktitle = {2022 IEEE/RSJ International Conference on Intelligent Robots and Systems (IROS)},
  title     = {Learning Neuro-Symbolic Relational Transition Models for Bilevel Planning},
  year      = {2022},
  month     = oct,
  pages     = {4166--4173},
  doi       = {10.1109/IROS47612.2022.9981440},
  issn      = {2153-0866},
  keywords  = {Training;Planning;Task analysis;Artificial intelligence;Intelligent robots},
  url       = {https://github.com/Learning-and-Intelligent-Systems/predicators},
}

@article{Chitnis2022a,
 author = {Rohan Chitnis and Tom Silver and Joshua B. Tenenbaum and Tomas Lozano-Perez and Leslie Pack Kaelbling},
 comments = {IROS 2022 final version},
 doi = {10.1109/iros47612.2022.9981440},
 journal = {arXiv preprint arXiv:2105.14074},
 note = {Submitted 30 June, 2022; v1 submitted 28 May, 2021; originally announced May 2021},
 title = {Learning Neuro-Symbolic Relational Transition Models for Bilevel Planning},
 url = {https://github.com/Learning-and-Intelligent-Systems/predicators},
 year = {2022}
}

@article{Cunnington2022,
 author = {Daniel Cunnington and Mark Law and Jorge Lobo and Alessandra Russo},
 comments = {Accepted to IJCAI 2023},
 doi = {10.24963/ijcai.2023/399},
 journal = {arXiv preprint arXiv:2205.12735},
 note = {Submitted 2 February, 2024; v1 submitted 25 May, 2022; originally announced May 2022},
 title = {Neuro-Symbolic Learning of Answer Set Programs from Raw Data},
 url = {https://github.com/dancunnington/nsil},
 year = {2022}
}

@article{Feng2022,
 author = {Yufei Feng and Xiaoyu Yang and Xiaodan Zhu and Michael Greenspan},
 comments = {To appear at TACL 2022, MIT Press},
 doi = {10.1162/tacl_a_00458},
 journal = {arXiv preprint arXiv:2203.04857},
 note = {Submitted 5 June, 2022; v1 submitted 9 March, 2022; originally announced March 2022},
 title = {Neuro-symbolic Natural Logic with Introspective Revision for Natural Language Inference},
 url = {https://github.com/feng-yufei/ns-nli},
 year = {2022}
}

@misc{Gao2022,
 author = {Gao, Silin and Hwang, Jena D. and Kanno, Saya and Wakaki, Hiromi and Mitsufuji, Yuki and Bosselut, Antoine},
 copyright = {arXiv.org perpetual, non-exclusive license},
 doi = {10.48550/ARXIV.2210.12678},
 keywords = {Computation and Language (cs.CL), FOS: Computer and information sciences, FOS: Computer and information sciences},
 publisher = {arXiv},
 title = {ComFact: A Benchmark for Linking Contextual Commonsense Knowledge},
 url = {https://github.com/silin159/comfact},
 year = {2022}
}

@Article{Harmon2022,
  author   = {Harmon, Ira and Marconi, Sergio and Weinstein, Ben and Graves, Sarah and Wang, Daisy Zhe and Zare, Alina and Bohlman, Stephanie and Singh, Aditya and White, Ethan},
  journal  = {IEEE Transactions on Geoscience and Remote Sensing},
  title    = {Injecting Domain Knowledge Into Deep Neural Networks for Tree Crown Delineation},
  year     = {2022},
  issn     = {1558-0644},
  pages    = {1--19},
  volume   = {60},
  doi      = {10.1109/TGRS.2022.3216622},
  keywords = {Forestry;Biological system modeling;Vegetation;Prediction algorithms;Image segmentation;Data models;Training;Convolutional neural network (CNN);forest ecology;neuro-symbolics;remote sensing;tree crown delineation},
  url      = {https://github.com/satellite-image-deep-learning/techniques},
}

@InProceedings{Haut2022,
  author    = {Haut, Nathan and Banzhaf, Wolfgang and Punch, Bill},
  booktitle = {Proceedings of the Genetic and Evolutionary Computation Conference Companion},
  title     = {Active learning improves performance on symbolic regression tasks in StackGP},
  year      = {2022},
  address   = {New York, NY, USA},
  pages     = {550--553},
  publisher = {Association for Computing Machinery},
  series    = {GECCO '22},
  doi       = {10.1145/3520304.3528941},
  isbn      = {9781450392686},
  keywords  = {active learning, genetic programming, symbolic regression},
  location  = {<conf-loc>, <city>Boston</city>, <state>Massachusetts</state>, </conf-loc>},
  numpages  = {4},
  url       = {https://github.com/hoolagans/stackgp},
}

@article{Hessel2022,
 author = {Hessel, Jack and Marasović, Ana and Hwang, Jena D. and Lee, Lillian and Da, Jeff and Zellers, Rowan and Mankoff, Robert and Choi, Yejin},
 copyright = {arXiv.org perpetual, non-exclusive license},
 doi = {10.48550/ARXIV.2209.06293},
 keywords = {Computation and Language (cs.CL), Computer Vision and Pattern Recognition (cs.CV), FOS: Computer and information sciences, FOS: Computer and information sciences},
 publisher = {arXiv},
 title = {Do Androids Laugh at Electric Sheep? Humor "Understanding" Benchmarks from The New Yorker Caption Contest},
 url = {https://github.com/jmhessel/caption_contest_corpus},
 year = {2022}
}

@misc{Ismayilzada2022,
 author = {Ismayilzada, Mete and Bosselut, Antoine},
 copyright = {arXiv.org perpetual, non-exclusive license},
 doi = {10.48550/ARXIV.2211.08451},
 keywords = {Computation and Language (cs.CL), FOS: Computer and information sciences, FOS: Computer and information sciences},
 publisher = {arXiv},
 title = {kogito: A Commonsense Knowledge Inference Toolkit},
 url = {https://github.com/epfl-nlp/kogito},
 year = {2022}
}

@misc{Jansen2022,
 author = {Jansen, Peter A. and Côté, Marc-Alexandre},
 copyright = {Creative Commons Attribution Share Alike 4.0 International},
 doi = {10.48550/ARXIV.2208.01174},
 keywords = {Computation and Language (cs.CL), Artificial Intelligence (cs.AI), FOS: Computer and information sciences, FOS: Computer and information sciences},
 publisher = {arXiv},
 title = {TextWorldExpress: Simulating Text Games at One Million Steps Per Second},
 url = {https://github.com/cognitiveailab/textworldexpress},
 year = {2022}
}

@inproceedings{Khatiwada2022,
 address = {Yorktown Heights, NY, USA; Boston, MA, USA; Troy, NY, USA},
 author = {Khatiwada, Aamod and Shirai, Sola and Srinivas, Kavitha and Hassanzadeh, Oktie},
 booktitle = {Workshop on Deep Learning for Knowledge Graphs (DL4KG@ISWC2022)},
 doi = {10.1088/1742-6596/1871/1/012050},
 eprint = {https://ceur-ws.org/Vol-3342/paper-8.pdf},
 isbn = {1613-0073},
 note = {Work done while at IBM Research},
 organization = {CEUR Workshop Proceedings},
 publisher = {CEUR-WS.org},
 title = {Knowledge Graph Embeddings for Causal Relation Prediction},
 url = {https://github.com/zjukg/cause},
 year = {2022}
}

@article{Krieken2022,
 author = {Emile van Krieken and Thiviyan Thanapalasingam and Jakub M. Tomczak and Frank van Harmelen and Annette ten Teije},
 comments = {Accepted to NeurIPS 2023. 13 pages, 11 appendix pages, 7 figures},
 doi = {10.1007/978-3-540-30215-5_37},
 journal = {arXiv preprint arXiv:2212.12393},
 note = {Submitted 22 September, 2023; v1 submitted 23 December, 2022; originally announced December 2022},
 title = {A-NeSI: A Scalable Approximate Method for Probabilistic Neurosymbolic Inference},
 url = {https://github.com/hemile/a-nesi},
 year = {2022}
}

@InProceedings{Lin2022,
  author    = {Lin, Shang-Wei and Tolmach, Palina and Liu, Ye and Li, Yi},
  booktitle = {Proceedings of the 30th ACM Joint European Software Engineering Conference and Symposium on the Foundations of Software Engineering},
  title     = {SolSEE: a source-level symbolic execution engine for solidity},
  year      = {2022},
  address   = {New York, NY, USA},
  pages     = {1687--1691},
  publisher = {Association for Computing Machinery},
  series    = {ESEC/FSE 2022},
  doi       = {10.1145/3540250.3558923},
  isbn      = {9781450394130},
  keywords  = {symbolic execution, Smart contract},
  location  = {<conf-loc>, <city>Singapore</city>, <country>Singapore</country>, </conf-loc>},
  numpages  = {5},
  url       = {https://github.com/XMUsuny/symbolic-execution-papers},
}

@misc{Liu2022,
 author = {Liu, Alisa and Swayamdipta, Swabha and Smith, Noah A. and Choi, Yejin},
 copyright = {Creative Commons Attribution 4.0 International},
 doi = {10.48550/ARXIV.2201.05955},
 keywords = {Computation and Language (cs.CL), FOS: Computer and information sciences, FOS: Computer and information sciences},
 publisher = {arXiv},
 title = {WANLI: Worker and AI Collaboration for Natural Language Inference Dataset Creation},
 url = {https://github.com/alisawuffles/wanli},
 year = {2022}
}

@InProceedings{Martone2022,
  author    = {Martone, Simone and Manigrasso, Francesco and Lamberti, Fabrizio and Morra, Lia},
  booktitle = {2022 26th International Conference on Pattern Recognition (ICPR)},
  title     = {PROTOtypical Logic Tensor Networks (PROTO-LTN) for Zero Shot Learning},
  year      = {2022},
  month     = aug,
  pages     = {4427--4433},
  doi       = {10.1109/ICPR56361.2022.9956239},
  issn      = {2831-7475},
  keywords  = {Training;Representation learning;Tensors;Grounding;Knowledge based systems;Semantics;Neural networks},
  url       = {https://github.com/francescomanigrass/proto-ltn},
}

@InProceedings{Nguyen2022,
  author    = {Nguyen, ThanhVu and Nguyen, KimHao and Duong, Hai},
  booktitle = {Proceedings of the ACM/IEEE 44th International Conference on Software Engineering: Companion Proceedings},
  title     = {SymInfer: inferring numerical invariants using symbolic states},
  year      = {2022},
  address   = {New York, NY, USA},
  pages     = {197--201},
  publisher = {Association for Computing Machinery},
  series    = {ICSE '22},
  doi       = {10.1145/3510454.3516833},
  isbn      = {9781450392235},
  keywords  = {dynamic analysis, invariant inference, symbolic execution},
  location  = {Pittsburgh, Pennsylvania},
  numpages  = {5},
  url       = {https://github.com/dynaroars/dig},
}


@misc{Perevalov2022,
 author = {Perevalov, Aleksandr and Diefenbach, Dennis and Usbeck, Ricardo and Both, Andreas},
 copyright = {Creative Commons Attribution 4.0 International},
 doi = {10.48550/ARXIV.2202.00120},
 keywords = {Computation and Language (cs.CL), Information Retrieval (cs.IR), FOS: Computer and information sciences, FOS: Computer and information sciences},
 publisher = {arXiv},
 title = {QALD-9-plus: A Multilingual Dataset for Question Answering over DBpedia and Wikidata Translated by Native Speakers},
 url = {https://github.com/perevalov/qald_9_plus},
 year = {2022}
}

@misc{Ribeiro2022,
 author = {Ribeiro, Leonardo F. R. and Liu, Mengwen and Gurevych, Iryna and Dreyer, Markus and Bansal, Mohit},
 copyright = {arXiv.org perpetual, non-exclusive license},
 doi = {10.48550/ARXIV.2204.06508},
 keywords = {Computation and Language (cs.CL), Artificial Intelligence (cs.AI), Machine Learning (cs.LG), FOS: Computer and information sciences, FOS: Computer and information sciences},
 publisher = {arXiv},
 title = {FactGraph: Evaluating Factuality in Summarization with Semantic Graph Representations},
 url = {https://github.com/amazon-research/fact-graph},
 year = {2022}
}

@misc{Roberts2022,
 author = {Roberts, Adam and Chung, Hyung Won and Levskaya, Anselm and Mishra, Gaurav and Bradbury, James and Andor, Daniel and Narang, Sharan and Lester, Brian and Gaffney, Colin and Mohiuddin, Afroz and Hawthorne, Curtis and Lewkowycz, Aitor and Salcianu, Alex and van Zee, Marc and Austin, Jacob and Goodman, Sebastian and Soares, Livio Baldini and Hu, Haitang and Tsvyashchenko, Sasha and Chowdhery, Aakanksha and Bastings, Jasmijn and Bulian, Jannis and Garcia, Xavier and Ni, Jianmo and Chen, Andrew and Kenealy, Kathleen and Clark, Jonathan H. and Lee, Stephan and Garrette, Dan and Lee-Thorp, James and Raffel, Colin and Shazeer, Noam and Ritter, Marvin and Bosma, Maarten and Passos, Alexandre and Maitin-Shepard, Jeremy and Fiedel, Noah and Omernick, Mark and Saeta, Brennan and Sepassi, Ryan and Spiridonov, Alexander and Newlan, Joshua and Gesmundo, Andrea},
 copyright = {arXiv.org perpetual, non-exclusive license},
 doi = {10.48550/ARXIV.2203.17189},
 keywords = {Machine Learning (cs.LG), Computation and Language (cs.CL), FOS: Computer and information sciences, FOS: Computer and information sciences},
 publisher = {arXiv},
 title = {Scaling Up Models and Data with t5x and seqio},
 url = {https://github.com/google-research/t5x},
 year = {2022}
}

@inproceedings{Ross2022,
 author = {Ross, Alexis and Wu, Tongshuang and Peng, Hao and Peters, Matthew and Gardner, Matt},
 booktitle = {Proceedings of the 60th Annual Meeting of the Association for Computational Linguistics (Volume 1: Long Papers)},
 doi = {10.18653/v1/2022.acl-long.228},
 publisher = {Association for Computational Linguistics},
 title = {Tailor: Generating and Perturbing Text with Semantic Controls},
 url = {https://github.com/allenai/tailor},
 year = {2022}
}

@misc{Saparov2022,
 author = {Saparov, Abulhair and He, He},
 copyright = {Creative Commons Attribution 4.0 International},
 doi = {10.48550/ARXIV.2210.01240},
 keywords = {Computation and Language (cs.CL), FOS: Computer and information sciences, FOS: Computer and information sciences},
 publisher = {arXiv},
 title = {Language Models Are Greedy Reasoners: A Systematic Formal Analysis of Chain-of-Thought},
 url = {https://github.com/asaparov/prontoqa},
 year = {2022}
}

@article{Shah2022,
 author = {Vishwa Shah and Aditya Sharma and Gautam Shroff and Lovekesh Vig and Tirtharaj Dash and Ashwin Srinivasan},
 comments = {13 pages, 4 figures, Accepted at 16th International Workshop on Neural-Symbolic Learning and Reasoning as part of the 2nd International Joint Conference on Learning \& Reasoning (IJCLR 2022)},
 doi = {10.1109/access.2021.3109443},
 journal = {arXiv preprint arXiv:2209.08750},
 note = {Submitted 19 September, 2022; originally announced September 2022},
 title = {https://github.com/quark0/ANALOGY},
 url = {https://github.com/LIANGKE23/Awesome-Knowledge-Graph-Reasoning},
 year = {2022}
}

@article{Silver2022,
 author = {Tom Silver and Ashay Athalye and Joshua B. Tenenbaum and Tomas Lozano-Perez and Leslie Pack Kaelbling},
 comments = {CoRL 2022},
 doi = {10.1109/iros47612.2022.9981440},
 journal = {arXiv preprint arXiv:2206.10680},
 note = {Submitted 12 October, 2022; v1 submitted 21 June, 2022; originally announced June 2022},
 title = {Learning Neuro-Symbolic Skills for Bilevel Planning},
 url = {https://github.com/Learning-and-Intelligent-Systems/predicators},
 year = {2022}
}

@InProceedings{Spillo2022,
  author    = {Spillo, Giuseppe and Musto, Cataldo and De Gemmis, Marco and Lops, Pasquale and Semeraro, Giovanni},
  booktitle = {Proceedings of the 16th ACM Conference on Recommender Systems},
  title     = {Knowledge-aware Recommendations Based on Neuro-Symbolic Graph Embeddings and First-Order Logical Rules},
  year      = {2022},
  address   = {New York, NY, USA},
  pages     = {616--621},
  publisher = {Association for Computing Machinery},
  series    = {RecSys '22},
  doi       = {10.1145/3523227.3551484},
  isbn      = {9781450392785},
  keywords  = {graph embeddings, neuro-symbolic systems, recommender systems, symbolic reasoning},
  location  = {<conf-loc>, <city>Seattle</city>, <state>WA</state>, <country>USA</country>, </conf-loc>},
  numpages  = {6},
  url       = {https://github.com/swapUniba/KARS_NeSy_KGE_with_FOL_rules},
}

@article{Srivastava2022,
 author = {Srivastava, et al.},
 copyright = {arXiv.org perpetual, non-exclusive license},
 doi = {10.48550/ARXIV.2206.04615},
 keywords = {Computation and Language (cs.CL), Artificial Intelligence (cs.AI), Computers and Society (cs.CY), Machine Learning (cs.LG), Machine Learning (stat.ML), FOS: Computer and information sciences, FOS: Computer and information sciences},
 publisher = {arXiv},
 title = {Beyond the Imitation Game: Quantifying and extrapolating the capabilities of language models},
 url = {https://github.com/google/BIG-bench},
 year = {2022}
}

@article{Sun2022,
 author = {Xiaowu Sun and Yasser Shoukry},
 doi = {10.1109/tro.2024.3392079},
 journal = {arXiv preprint arXiv:2210.05180},
 note = {Submitted 11 October, 2022; originally announced October 2022},
 title = {Neurosymbolic Motion and Task Planning for Linear Temporal Logic Tasks},
 url = {https://github.com/bittdy/Collection},
 year = {2022}
}

@InProceedings{Valenti2022,
  author    = {Valenti, Andrea and Bacciu, Davide},
  booktitle = {2022 International Joint Conference on Neural Networks (IJCNN)},
  title     = {Leveraging Relational Information for Learning Weakly Disentangled Representations},
  year      = {2022},
  month     = jul,
  pages     = {1--8},
  doi       = {10.1109/IJCNN55064.2022.9892093},
  issn      = {2161-4407},
  keywords  = {Codes;Predictive models;Aerospace electronics;Data models;Graph neural networks;Complexity theory;Compounds;deep learning;generative models;neuro-symbolic integration},
  url       = {https://github.com/andrea-v/weak-disentanglement},
}

@misc{Wan2022,
 author = {Wan, David and Bansal, Mohit},
 copyright = {arXiv.org perpetual, non-exclusive license},
 doi = {10.48550/ARXIV.2205.07830},
 keywords = {Computation and Language (cs.CL), Artificial Intelligence (cs.AI), Machine Learning (cs.LG), FOS: Computer and information sciences, FOS: Computer and information sciences},
 publisher = {arXiv},
 title = {FactPEGASUS: Factuality-Aware Pre-training and Fine-tuning for Abstractive Summarization},
 url = {https://github.com/meetdavidwan/factpegasus},
 year = {2022}
}

@misc{Wang2022,
 author = {Wang, Ruoyao and Jansen, Peter and Côté, Marc-Alexandre and Ammanabrolu, Prithviraj},
 copyright = {Creative Commons Attribution Share Alike 4.0 International},
 doi = {10.48550/ARXIV.2203.07540},
 keywords = {Computation and Language (cs.CL), Artificial Intelligence (cs.AI), FOS: Computer and information sciences, FOS: Computer and information sciences},
 publisher = {arXiv},
 title = {ScienceWorld: Is your Agent Smarter than a 5th Grader?},
 url = {https://github.com/allenai/scienceworld},
 year = {2022}
}

@article{Wang2022b,
 author = {Ruoyao Wang and Peter Jansen and Marc-Alexandre Côté and Prithviraj Ammanabrolu},
 comments = {Accepted to EACL 2023},
 doi = {10.18653/v1/2023.eacl-main.204},
 journal = {arXiv preprint arXiv:2210.07382},
 note = {Submitted 11 February, 2023; v1 submitted 13 October, 2022; originally announced October 2022},
 title = {Behavior Cloned Transformers are Neurosymbolic Reasoners},
 url = {https://github.com/cognitiveailab/neurosymbolic},
 year = {2022}
}

@article{Weir2022,
 author = {Nathaniel Weir and Peter Clark and Benjamin Van Durme},
 doi = {10.1117/12.2587850},
 journal = {arXiv preprint arXiv:2209.07662},
 note = {Submitted 21 December, 2023; v1 submitted 15 September, 2022; originally announced September 2022},
 title = {NELLIE: A Neuro-Symbolic Inference Engine for Grounded, Compositional, and Explainable Reasoning},
 url = {https://github.com/JHU-CLSP/NELLIE},
 year = {2022}
}

@inproceedings{Wu2022,
 author = {Wu, Yuxiang and Gardner, Matt and Stenetorp, Pontus and Dasigi, Pradeep},
 booktitle = {Proceedings of the 60th Annual Meeting of the Association for Computational Linguistics (Volume 1: Long Papers)},
 doi = {10.18653/v1/2022.acl-long.190},
 publisher = {Association for Computational Linguistics},
 title = {Generating Data to Mitigate Spurious Correlations in Natural Language Inference Datasets},
 url = {https://github.com/jimmycode/gen-debiased-nli},
 year = {2022}
}

@article{Wu2022a,
 author = {Tailin Wu and Megan Tjandrasuwita and Zhengxuan Wu and Xuelin Yang and Kevin Liu and Rok Sosič and Jure Leskovec},
 comments = {NeurIPS 2022; 28 pages, 9 figures},
 doi = {10.1109/tmm.2023.3318300},
 journal = {arXiv preprint arXiv:2206.15049},
 note = {Submitted 11 October, 2022; v1 submitted 30 June, 2022; originally announced June 2022},
 title = {ZeroC: A Neuro-Symbolic Model for Zero-shot Concept Recognition and Acquisition at Inference Time},
 url = {https://github.com/snap-stanford/zeroc},
 year = {2022}
}

@InProceedings{Yan2022,
  author    = {Yan, Ruixuan and Ma, Tengfei and Fokoue, Achille and Chang, Maria and Julius, Agung},
  booktitle = {2022 IEEE International Conference on Data Mining (ICDM)},
  title     = {Neuro-symbolic Models for Interpretable Time Series Classification using Temporal Logic Description},
  year      = {2022},
  month     = nov,
  pages     = {618--627},
  doi       = {10.1109/ICDM54844.2022.00072},
  issn      = {2374-8486},
  keywords  = {Time series analysis;Neurons;Semantics;Natural languages;Machine learning;Wounds;Data models},
  url       = {https://github.com/xiyuanzh/time-series-papers},
}

@article{Yan2022a,
 author = {Ruixuan Yan and Tengfei Ma and Achille Fokoue and Maria Chang and Agung Julius},
 doi = {10.1109/icdm54844.2022.00072},
 journal = {arXiv preprint arXiv:2209.09114},
 note = {Submitted 15 September, 2022; originally announced September 2022},
 title = {Neuro-symbolic Models for Interpretable Time Series Classification using Temporal Logic Description},
 url = {https://github.com/xiyuanzh/time-series-papers},
 year = {2022}
}

@article{Yang2022,
 author = {Chenxi Yang and Swarat Chaudhuri},
 comments = {Accepted as a poster at ICLR 2022},
 doi = {10.23919/fmcad.2018.8602991},
 journal = {arXiv preprint arXiv:2203.07671},
 note = {Submitted 15 March, 2022; originally announced March 2022},
 title = {Safe Neurosymbolic Learning with Differentiable Symbolic Execution},
 url = {https://github.com/cxyang1997/dse},
 year = {2022}
}

@misc{Yasunaga2022,
 author = {Yasunaga, Michihiro and Leskovec, Jure and Liang, Percy},
 copyright = {Creative Commons Attribution 4.0 International},
 doi = {10.48550/ARXIV.2203.15827},
 keywords = {Computation and Language (cs.CL), Machine Learning (cs.LG), FOS: Computer and information sciences, FOS: Computer and information sciences},
 publisher = {arXiv},
 title = {LinkBERT: Pretraining Language Models with Document Links},
 url = {https://github.com/michiyasunaga/LinkBERT},
 year = {2022}
}

@article{Zheng2022,
 author = {Kaizhi Zheng and Kaiwen Zhou and Jing Gu and Yue Fan and Jialu Wang and Zonglin Di and Xuehai He and Xin Eric Wang},
 comments = {20 pages},
 doi = {10.1609/aaai.v35i6.16623},
 journal = {arXiv preprint arXiv:2208.13266},
 note = {Submitted 7 September, 2022; v1 submitted 28 August, 2022; originally announced August 2022},
 title = {JARVIS: A Neuro-Symbolic Commonsense Reasoning Framework for Conversational Embodied Agents},
 url = {https://github.com/DirtyHarryLYL/Transformer-in-Vision},
 year = {2022}
}

@article{Arabshahi2021,
 author = {Forough Arabshahi and Jennifer Lee and Mikayla Gawarecki and Kathryn Mazaitis and Amos Azaria and Tom Mitchell},
 comments = {Appearing in the 35th AAAI international Conference on Artificial Intelligence, 2021},
 doi = {10.1609/aaai.v35i6.16623},
 journal = {arXiv preprint arXiv:2006.10022},
 note = {Submitted 2 February, 2021; v1 submitted 17 June, 2020; originally announced June 2020},
 title = {Conversational Neuro-Symbolic Commonsense Reasoning},
 url = {https://github.com/ForoughA/CORGI},
 year = {2021}
}


@InProceedings{Chaudhury2021,
  author    = {Chaudhury, Subhajit and Sen, Prithviraj and Ono, Masaki and Kimura, Daiki and Tatsubori, Michiaki and Munawar, Asim},
  booktitle = {Proceedings of the 2021 Conference on Empirical Methods in Natural Language Processing},
  title     = {Neuro-Symbolic Approaches for Text-Based Policy Learning},
  year      = {2021},
  address   = {Online and Punta Cana, Dominican Republic},
  editor    = {Moens, Marie-Francine and Huang, Xuanjing and Specia, Lucia and Yih, Scott Wen-tau},
  month     = nov,
  pages     = {3073--3078},
  publisher = {Association for Computational Linguistics},
  doi       = {10.18653/v1/2021.emnlp-main.245},
  url       = {https://github.com/subhajit1411/slate-text-based-rl},
}

@misc{Chen2021,
 author = {Chen, Jiaao and Yang, Diyi},
 copyright = {Creative Commons Attribution 4.0 International},
 doi = {10.48550/ARXIV.2104.08400},
 keywords = {Computation and Language (cs.CL), FOS: Computer and information sciences, FOS: Computer and information sciences},
 publisher = {arXiv},
 title = {Structure-Aware Abstractive Conversation Summarization via Discourse and Action Graphs},
 url = {https://github.com/GT-SALT/Structure-Aware-BART},
 year = {2021}
}

@article{Cingillioglu2021,
 author = {Nuri Cingillioglu and Alessandra Russo},
 comments = {IJCLR-NeSy, 41 pages. Minor correction to Lukasiewicz logic},
 doi = {10.1007/978-3-030-86340-1_4},
 journal = {arXiv preprint arXiv:2106.07487},
 note = {Submitted 28 February, 2022; v1 submitted 14 June, 2021; originally announced June 2021},
 title = {pix2rule: End-to-end Neuro-symbolic Rule Learning},
 url = {https://github.com/kittykg/neural-dnf-cub},
 year = {2021}
}


@misc{Da2021,
 author = {Da, Jeff and Bras, Ronan Le and Lu, Ximing and Choi, Yejin and Bosselut, Antoine},
 copyright = {Creative Commons Attribution 4.0 International},
 doi = {10.48550/ARXIV.2101.00297},
 keywords = {Computation and Language (cs.CL), FOS: Computer and information sciences, FOS: Computer and information sciences},
 publisher = {arXiv},
 title = {Analyzing Commonsense Emergence in Few-shot Knowledge Models},
 url = {https://github.com/allenai/few-shot-comet},
 year = {2021}
}

@InProceedings{Dold2021,
  author    = {Dold, Dominik and Garrido, Josep Soler},
  booktitle = {2021 20th IEEE International Conference on Machine Learning and Applications (ICMLA)},
  title     = {An energy-based model for neuro-symbolic reasoning on knowledge graphs},
  year      = {2021},
  month     = dec,
  pages     = {916--921},
  doi       = {10.1109/ICMLA52953.2021.00151},
  keywords  = {Automation;Neuromorphics;Computational modeling;Biological system modeling;Training data;Machine learning;Predictive models;Prediction algorithms;Data models;Computer security;knowledge graph;graph embedding;cybersecurity;industrial automation;energy function;sampling;neuromorphic computing},
  url       = {https://github.com/dodo47/cyberml},
}

@article{Feinman2021,
 author = {Reuben Feinman and Brenden M. Lake},
 comments = {Journal ref: International Conference on Learning Representations (ICLR 2021)},
 doi = {10.1145/3539618.3594246},
 journal = {arXiv preprint arXiv:2006.14448},
 note = {Submitted 23 January, 2021; v1 submitted 25 June, 2020; originally announced June 2020},
 title = {Learning Task-General Representations with Generative Neuro-Symbolic Modeling},
 url = {https://github.com/rfeinman/GNS-Modeling},
 year = {2021}
}

@Article{Giri2021,
  author   = {Giri, Swagarika Jaharlal and Dutta, Pratik and Halani, Parth and Saha, Sriparna},
  journal  = {IEEE Journal of Biomedical and Health Informatics},
  title    = {MultiPredGO: Deep Multi-Modal Protein Function Prediction by Amalgamating Protein Structure, Sequence, and Interaction Information},
  year     = {2021},
  issn     = {2168-2208},
  month    = may,
  number   = {5},
  pages    = {1832--1838},
  volume   = {25},
  doi      = {10.1109/JBHI.2020.3022806},
  keywords = {Protein engineering;Feature extraction;Protein sequence;Three-dimensional displays;Computer architecture;Predictive models;Protein function prediction;multi-modality;deep learning;gene ontology;protein sequence;protein structure},
  url      = {https://github.com/SwagarikaGiri/Multi-PredGO},
}

@InProceedings{He2021,
  author    = {He, Jingxuan and Sivanrupan, Gishor and Tsankov, Petar and Vechev, Martin},
  booktitle = {Proceedings of the 2021 ACM SIGSAC Conference on Computer and Communications Security},
  title     = {Learning to Explore Paths for Symbolic Execution},
  year      = {2021},
  address   = {New York, NY, USA},
  pages     = {2526--2540},
  publisher = {Association for Computing Machinery},
  series    = {CCS '21},
  doi       = {10.1145/3460120.3484813},
  isbn      = {9781450384544},
  keywords  = {fuzzing, machine learning, program testing, symbolic execution},
  location  = {Virtual Event, Republic of Korea},
  numpages  = {15},
  url       = {https://github.com/eth-sri/learch},
}

@article{Hong2021,
 author = {Jinyung Hong and Theodore P. Pavlic},
 comments = {17 pages, 5 figures, 2 tables, submitted to NeSy20/21 @ IJCLR. arXiv admin note: text overlap with arXiv:2006.12392},
 doi = {10.1007/11816157_123},
 journal = {arXiv preprint arXiv:2109.06663},
 note = {Submitted 11 September, 2021; originally announced September 2021},
 title = {An Insect-Inspired Randomly, Weighted Neural Network with Random Fourier Features For Neuro-Symbolic Relational Learning},
 url = {https://github.com/jyhong0304/SII},
 year = {2021}
}

@Article{Hwang2021,
  author    = {Hwang, Jena D. and Bhagavatula, Chandra and Le Bras, Ronan and Da, Jeff and Sakaguchi, Keisuke and Bosselut, Antoine and Choi, Yejin},
  journal   = {Proceedings of the AAAI Conference on Artificial Intelligence},
  title     = {(Comet-) Atomic 2020: On Symbolic and Neural Commonsense Knowledge Graphs},
  year      = {2021},
  issn      = {2159-5399},
  month     = may,
  number    = {7},
  pages     = {6384--6392},
  volume    = {35},
  doi       = {10.1609/aaai.v35i7.16792},
  publisher = {Association for the Advancement of Artificial Intelligence (AAAI)},
  url       = {https://github.com/allenai/comet-atomic-2020},
}

@misc{Kimura2021,
 author = {Kimura, Daiki and Ono, Masaki and Chaudhury, Subhajit and Kohita, Ryosuke and Wachi, Akifumi and Agravante, Don Joven and Tatsubori, Michiaki and Munawar, Asim and Gray, Alexander},
 copyright = {arXiv.org perpetual, non-exclusive license},
 doi = {10.48550/ARXIV.2110.10963},
 keywords = {Artificial Intelligence (cs.AI), Computation and Language (cs.CL), Machine Learning (cs.LG), Robotics (cs.RO), FOS: Computer and information sciences, FOS: Computer and information sciences},
 publisher = {arXiv},
 title = {Neuro-Symbolic Reinforcement Learning with First-Order Logic},
 url = {https://github.com/cav-research-lab/safe-reinforcement-learning-using-symbolic-logical-programming-for-autonomous-highway-driving, https://ibm.github.io/neuro-symbolic-ai/toolkit/},
 year = {2021}
}

@misc{Kimura2021a,
 author = {Kimura, Daiki and Chaudhury, Subhajit and Ono, Masaki and Tatsubori, Michiaki and Agravante, Don Joven and Munawar, Asim and Wachi, Akifumi and Kohita, Ryosuke and Gray, Alexander},
 copyright = {arXiv.org perpetual, non-exclusive license},
 doi = {10.48550/ARXIV.2110.10973},
 keywords = {Artificial Intelligence (cs.AI), Computation and Language (cs.CL), Machine Learning (cs.LG), Robotics (cs.RO), FOS: Computer and information sciences, FOS: Computer and information sciences},
 publisher = {arXiv},
 title = {LOA: Logical Optimal Actions for Text-based Interaction Games},
 url = {https://github.com/ibm/loa},
 year = {2021}
}

@article{Kimura2021b,
 author = {Daiki Kimura and Masaki Ono and Subhajit Chaudhury and Ryosuke Kohita and Akifumi Wachi and Don Joven Agravante and Michiaki Tatsubori and Asim Munawar and Alexander Gray},
 comments = {EMNLP 2021 (main conference)},
 doi = {10.18653/v1/2021.emnlp-main.283},
 journal = {arXiv preprint arXiv:2110.10963},
 note = {Submitted 21 October, 2021; originally announced October 2021},
 title = {Neuro-Symbolic Reinforcement Learning with First-Order Logic},
 url = {https://github.com/cav-research-lab/safe-reinforcement-learning-using-symbolic-logical-programming-for-autonomous-highway-driving},
 year = {2021}
}

@InProceedings{Kulal2021,
  author    = {Kulal, Sumith and Mao, Jiayuan and Aiken, Alex and Wu, Jiajun},
  booktitle = {2021 IEEE/CVF Conference on Computer Vision and Pattern Recognition (CVPR)},
  title     = {Hierarchical Motion Understanding via Motion Programs},
  year      = {2021},
  month     = jun,
  pages     = {6564--6572},
  doi       = {10.1109/CVPR46437.2021.00650},
  issn      = {2575-7075},
  keywords  = {Interpolation;Computer vision;Computational modeling;Predictive models;Cognition;Pattern recognition;Task analysis},
  url       = {https://github.com/Sumith1896/motion2prog_release},
}

@InProceedings{Pinhanez2021,
  author    = {Pinhanez, Claudio Santos and Candello, Heloisa and Cavalin, Paulo and Pichiliani, Mauro Carlos and Appel, Ana Paula and Alves Ribeiro, Victor Henrique and Nogima, Julio and de Bayser, Maira and Guerra, Melina and Ferreira, Henrique and Malfatti, Gabriel},
  booktitle = {Proceedings of the 2021 CHI Conference on Human Factors in Computing Systems},
  title     = {Integrating Machine Learning Data with Symbolic Knowledge from Collaboration Practices of Curators to Improve Conversational Systems},
  year      = {2021},
  address   = {New York, NY, USA},
  publisher = {Association for Computing Machinery},
  series    = {CHI '21},
  articleno = {104},
  doi       = {10.1145/3411764.3445368},
  isbn      = {9781450380966},
  keywords  = {Neuro-symbolic Systems, Documentation, Curatorial Practices., Conversational Systems},
  location  = {<conf-loc>, <city>Yokohama</city>, <country>Japan</country>, </conf-loc>},
  numpages  = {13},
  url       = {https://github.com/naganandy/graph-based-deep-learning-literature/blob/master/conference-publications/README.md},
}

@InProceedings{Prentzas2021,
  author    = {Prentzas, Jim and Hatzilygeroudis, Ioannis},
  booktitle = {2021 12th International Conference on Information, Intelligence, Systems \& Applications (IISA)},
  title     = {Exploring Aspects Regarding Reasoning in Neuro-Symbolic Rules and Connectionist Expert Systems},
  year      = {2021},
  month     = jul,
  pages     = {1--8},
  doi       = {10.1109/IISA52424.2021.9555527},
  keywords  = {Training;Pediatrics;Knowledge representation;Cognition;Expert systems;Intelligent systems;combinations of intelligent methods;hybrid intelligent systems;neuro-symbolic approaches;reasoning;hybrid expert systems},
  url       = {https://github.com/MoserMichael/my-notes/blob/master/talking-with-chatgtp-b.md},
}

@Article{Racharak2021,
  author   = {Racharak, Teeradaj},
  journal  = {IEEE Access},
  title    = {On Approximation of Concept Similarity Measure in Description Logic ELH With Pre-Trained Word Embedding},
  year     = {2021},
  issn     = {2169-3536},
  pages    = {61429--61443},
  volume   = {9},
  doi      = {10.1109/ACCESS.2021.3073730},
  keywords = {Ontologies;Semantics;Cognition;Knowledge based systems;Syntactics;Standards;The description logic ELH;semantic similarity;neuro-symbolic integration;explainable decision support system;approximate reasoning},
  url      = {https://github.com/monologg/nlp-arxiv-daily},
}


@inproceedings{Ribeiro2021,
 author = {Danilo Neves Ribeiro and Kenneth Forbus},
 booktitle = {3rd Conference on Automated Knowledge Base Construction},
 doi = {10.59350/mk9dg-4r198},
 title = {Combining Analogy with Language Models for Knowledge Extraction},
 url = {https://github.com/dnr2/analogical-ke},
 year = {2021}
}

@InProceedings{Ruaro2021,
  author    = {Ruaro, Nicola and Zeng, Kyle and Dresel, Lukas and Polino, Mario and Bao, Tiffany and Continella, Andrea and Zanero, Stefano and Kruegel, Christopher and Vigna, Giovanni},
  booktitle = {Proceedings of the 24th International Symposium on Research in Attacks, Intrusions and Defenses},
  title     = {SyML: Guiding Symbolic Execution Toward Vulnerable States Through Pattern Learning},
  year      = {2021},
  address   = {New York, NY, USA},
  pages     = {456--468},
  publisher = {Association for Computing Machinery},
  series    = {RAID '21},
  doi       = {10.1145/3471621.3471865},
  isbn      = {9781450390583},
  keywords  = {Machine learning, Symbolic execution, Vulnerability discovery},
  location  = {San Sebastian, Spain},
  numpages  = {13},
  url       = {https://github.com/XMUsuny/symbolic-execution-papers},
}

@InProceedings{Saad2021,
  author    = {Saad, Feras A. and Rinard, Martin C. and Mansinghka, Vikash K.},
  booktitle = {Proceedings of the 42nd ACM SIGPLAN International Conference on Programming Language Design and Implementation},
  title     = {SPPL: probabilistic programming with fast exact symbolic inference},
  year      = {2021},
  address   = {New York, NY, USA},
  pages     = {804--819},
  publisher = {Association for Computing Machinery},
  series    = {PLDI 2021},
  doi       = {10.1145/3453483.3454078},
  isbn      = {9781450383912},
  keywords  = {probabilistic programming, symbolic execution},
  location  = {Virtual, Canada},
  numpages  = {16},
  url       = {https://github.com/probcomp/sppl},
}


@article{Shindo2021,
 author = {Hikaru Shindo and Devendra Singh Dhami and Kristian Kersting},
 comments = {Preprint},
 doi = {10.1007/978-3-031-39179-8},
 journal = {arXiv preprint arXiv:2110.09383},
 note = {Submitted 18 October, 2021; originally announced October 2021},
 title = {Neuro-Symbolic Forward Reasoning},
 url = {https://github.com/ml-research/neumann},
 year = {2021}
}

@InProceedings{Stammer2021,
  author    = {Stammer, Wolfgang and Schramowski, Patrick and Kersting, Kristian},
  booktitle = {2021 IEEE/CVF Conference on Computer Vision and Pattern Recognition (CVPR)},
  title     = {Right for the Right Concept: Revising Neuro-Symbolic Concepts by Interacting with their Explanations},
  year      = {2021},
  month     = jun,
  pages     = {3618--3628},
  doi       = {10.1109/CVPR46437.2021.00362},
  issn      = {2575-7075},
  keywords  = {Training;Deep learning;Visualization;Computer vision;Image color analysis;Semantics;Focusing},
  url       = {https://github.com/ml-research/NeSyXIL},
}

@misc{Sukhbaatar2021,
 author = {Sainbayar Sukhbaatar and Da JU and Spencer Poff and Stephen Roller and Arthur Szlam and Jason E Weston and Angela Fan},
 doi = {10.1037/e527342012-077},
 eprint = {https://openreview.net/forum?id=ZVBtN6B\_6i7},
 title = {Not All Memories are Created Equal: Learning to Expire},
 url = {https://github.com/lucidrains/learning-to-expire-pytorch},
 year = {2021}
}

@misc{Winters2021,
 author = {Winters, Thomas and Marra, Giuseppe and Manhaeve, Robin and De Raedt, Luc},
 copyright = {arXiv.org perpetual, non-exclusive license},
 doi = {10.48550/ARXIV.2106.12574},
 keywords = {Artificial Intelligence (cs.AI), Logic in Computer Science (cs.LO), FOS: Computer and information sciences, FOS: Computer and information sciences, I.2.6; I.2.5; I.2.3, 68T27, 68T37, 68T07},
 publisher = {arXiv},
 title = {DeepStochLog: Neural Stochastic Logic Programming},
 url = {https://github.com/ML-KULeuven/deepstochlog},
 year = {2021}
}

@InProceedings{Yan2021,
  author    = {Yan, Ruixuan and Julius, Agung and Chang, Maria and Fokoue, Achille and Ma, Tengfei and Uceda-Sosa, Rosario},
  booktitle = {2021 International Conference on Data Mining Workshops (ICDMW)},
  title     = {STONE: Signal Temporal Logic Neural Network for Time Series Classification},
  year      = {2021},
  month     = dec,
  pages     = {778--787},
  doi       = {10.1109/ICDMW53433.2021.00101},
  issn      = {2375-9259},
  keywords  = {Conferences;Time series analysis;Semantics;Neurons;Benchmark testing;Classification algorithms;Data mining},
  url       = {https://github.com/anand-bala/signal-temporal-logic},
}

@article{Zhan2021,
 author = {Eric Zhan and Jennifer J. Sun and Ann Kennedy and Yisong Yue and Swarat Chaudhuri},
 doi = {10.1016/j.asoc.2019.105851},
 journal = {arXiv preprint arXiv:2107.13132},
 note = {Submitted 20 December, 2022; v1 submitted 27 July, 2021; originally announced July 2021},
 title = {Unsupervised Learning of Neurosymbolic Encoders},
 url = {https://github.com/ezhan94/neurosymbolic-encoders},
 year = {2021}
}

@InProceedings{Zhang2021,
  author    = {Zhang, Chi and Jia, Baoxiong and Zhu, Song-Chun and Zhu, Yixin},
  booktitle = {2021 IEEE/CVF Conference on Computer Vision and Pattern Recognition (CVPR)},
  title     = {Abstract Spatial-Temporal Reasoning via Probabilistic Abduction and Execution},
  year      = {2021},
  month     = jun,
  pages     = {9731--9741},
  doi       = {10.1109/CVPR46437.2021.00961},
  issn      = {2575-7075},
  keywords  = {Visualization;Computer vision;Navigation;Probabilistic logic;Rendering (computer graphics);Cognition;Pattern recognition},
  url       = {https://github.com/WellyZhang/PrAE},
}

@InProceedings{Zhang2021a,
  author    = {Zhang, Chi and Jia, Baoxiong and Edmonds, Mark and Zhu, Song-Chun and Zhu, Yixin},
  booktitle = {2021 IEEE/CVF Conference on Computer Vision and Pattern Recognition (CVPR)},
  title     = {ACRE: Abstract Causal REasoning Beyond Covariation},
  year      = {2021},
  month     = jun,
  pages     = {10638--10648},
  doi       = {10.1109/CVPR46437.2021.01050},
  issn      = {2575-7075},
  keywords  = {Visualization;Pediatrics;Systematics;Benchmark testing;Particle measurements;Cognition;Pattern recognition},
  url       = {https://github.com/WellyZhang/ACRE},
}

@article{Bosselut2020,
 author = {Antoine Bosselut and Ronan Le Bras and Yejin Choi},
 doi = {10.1609/aaai.v35i6.16625},
 journal = {arXiv preprint arXiv:1911.03876},
 note = {Submitted 30 October, 2020; v1 submitted 10 November, 2019; originally announced November 2019},
 title = {Dynamic Neuro-Symbolic Knowledge Graph Construction for Zero-shot Commonsense Question Answering},
 url = {https://github.com/AlirezaDoakhan/QuestionAnswering},
 year = {2020}
}

@InProceedings{Cha2020,
  author    = {Cha, Sooyoung and Oh, Hakjoo},
  booktitle = {Proceedings of the 28th ACM Joint Meeting on European Software Engineering Conference and Symposium on the Foundations of Software Engineering},
  title     = {Making symbolic execution promising by learning aggressive state-pruning strategy},
  year      = {2020},
  address   = {New York, NY, USA},
  pages     = {147--158},
  publisher = {Association for Computing Machinery},
  series    = {ESEC/FSE 2020},
  doi       = {10.1145/3368089.3409755},
  isbn      = {9781450370431},
  keywords  = {Dynamic Symbolic Execution, Online Learning},
  location  = {Virtual Event, USA},
  numpages  = {12},
  url       = {https://github.com/XMUsuny/symbolic-execution-papers},
}

@InProceedings{GholipourGhalandari2020,
  author    = {Gholipour Ghalandari, Demian and Hokamp, Chris and Pham, Nghia The and Glover, John and Ifrim, Georgiana},
  booktitle = {Proceedings of the 58th Annual Meeting of the Association for Computational Linguistics},
  title     = {A Large-Scale Multi-Document Summarization Dataset from the {W}ikipedia Current Events Portal},
  year      = {2020},
  address   = {Online},
  editor    = {Jurafsky, Dan and Chai, Joyce and Schluter, Natalie and Tetreault, Joel},
  month     = jul,
  pages     = {1302--1308},
  publisher = {Association for Computational Linguistics},
  doi       = {10.18653/v1/2020.acl-main.120},
  eprint    = {https://aclanthology.org/2020.acl-main.120},
  url       = {https://github.com/complementizer/wcep-mds-dataset},
}


@misc{Kalyanpur2020,
 author = {Kalyanpur, Aditya and Breloff, Tom and Ferrucci, David},
 copyright = {arXiv.org perpetual, non-exclusive license},
 doi = {10.48550/ARXIV.2011.13354},
 keywords = {Computation and Language (cs.CL), FOS: Computer and information sciences, FOS: Computer and information sciences},
 publisher = {arXiv},
 title = {Braid: Weaving Symbolic and Neural Knowledge into Coherent Logical Explanations},
 url = {https://github.com/chanind/tensor-theorem-prover},
 year = {2020}
}

@misc{Kapanipathi2020,
 author = {Kapanipathi, Pavan and Abdelaziz, Ibrahim and Ravishankar, Srinivas and Roukos, Salim and Gray, Alexander and Astudillo, Ramon and Chang, Maria and Cornelio, Cristina and Dana, Saswati and Fokoue, Achille and Garg, Dinesh and Gliozzo, Alfio and Gurajada, Sairam and Karanam, Hima and Khan, Naweed and Khandelwal, Dinesh and Lee, Young-Suk and Li, Yunyao and Luus, Francois and Makondo, Ndivhuwo and Mihindukulasooriya, Nandana and Naseem, Tahira and Neelam, Sumit and Popa, Lucian and Reddy, Revanth and Riegel, Ryan and Rossiello, Gaetano and Sharma, Udit and Bhargav, G P Shrivatsa and Yu, Mo},
 copyright = {arXiv.org perpetual, non-exclusive license},
 doi = {10.48550/ARXIV.2012.01707},
 keywords = {Computation and Language (cs.CL), Artificial Intelligence (cs.AI), FOS: Computer and information sciences, FOS: Computer and information sciences},
 publisher = {arXiv},
 title = {Leveraging Abstract Meaning Representation for Knowledge Base Question Answering},
 url = {https://github.com/JBoRu/KBQAPapers},
 year = {2020}
}

@InProceedings{Li2020,
  author    = {Li, Yikai and Mao, Jiayuan and Zhang, Xiuming and Freeman, William T. and Tenenbaum, Joshua B. and Wu, Jiajun},
  booktitle = {2020 IEEE/CVF Conference on Computer Vision and Pattern Recognition (CVPR)},
  title     = {Perspective Plane Program Induction From a Single Image},
  year      = {2020},
  month     = jun,
  pages     = {4433--4442},
  doi       = {10.1109/CVPR42600.2020.00449},
  issn      = {2575-7075},
  keywords  = {Cameras;Graphics;Task analysis;Two dimensional displays;Three-dimensional displays;Lattices;Inference algorithms},
  url       = {https://github.com/42x00/p3i},
}

@InProceedings{Liang2020,
  author    = {Liang, Hongru and Lei, Wenqiang and Chan, Paul Yaozhu and Yang, Zhenglu and Sun, Maosong and Chua, Tat-Seng},
  booktitle = {Proceedings of the 28th ACM International Conference on Multimedia},
  title     = {PiRhDy: Learning Pitch-, Rhythm-, and Dynamics-aware Embeddings for Symbolic Music},
  year      = {2020},
  address   = {New York, NY, USA},
  pages     = {574--582},
  publisher = {Association for Computing Machinery},
  series    = {MM '20},
  doi       = {10.1145/3394171.3414032},
  isbn      = {9781450379885},
  keywords  = {embeddings, representation learning, symbolic music},
  location  = {Seattle, WA, USA},
  numpages  = {9},
  url       = {https://github.com/mengshor/PiRhDy},
}

@misc{Mostafazadeh2020,
 author = {Mostafazadeh, Nasrin and Kalyanpur, Aditya and Moon, Lori and Buchanan, David and Berkowitz, Lauren and Biran, Or and Chu-Carroll, Jennifer},
 copyright = {arXiv.org perpetual, non-exclusive license},
 doi = {10.48550/ARXIV.2009.07758},
 keywords = {Computation and Language (cs.CL), Artificial Intelligence (cs.AI), FOS: Computer and information sciences, FOS: Computer and information sciences},
 publisher = {arXiv},
 title = {GLUCOSE: GeneraLized and COntextualized Story Explanations},
 url = {https://github.com/ElementalCognition/glucose},
 year = {2020}
}

@misc{Murugesan2020,
 author = {Murugesan, Keerthiram and Atzeni, Mattia and Kapanipathi, Pavan and Shukla, Pushkar and Kumaravel, Sadhana and Tesauro, Gerald and Talamadupula, Kartik and Sachan, Mrinmaya and Campbell, Murray},
 copyright = {arXiv.org perpetual, non-exclusive license},
 doi = {10.48550/ARXIV.2010.03790},
 keywords = {Artificial Intelligence (cs.AI), Computation and Language (cs.CL), Machine Learning (cs.LG), FOS: Computer and information sciences, FOS: Computer and information sciences},
 publisher = {arXiv},
 title = {Text-based RL Agents with Commonsense Knowledge: New Challenges, Environments and Baselines},
 url = {https://github.com/IBM/commonsense-rl},
 year = {2020}
}

@InProceedings{Xian2020,
  author    = {Xian, Yikun and Fu, Zuohui and Zhao, Handong and Ge, Yingqiang and Chen, Xu and Huang, Qiaoying and Geng, Shijie and Qin, Zhou and de Melo, Gerard and Muthukrishnan, S. and Zhang, Yongfeng},
  booktitle = {Proceedings of the 29th ACM International Conference on Information \& amp; Knowledge Management},
  title     = {CAFE: Coarse-to-Fine Neural Symbolic Reasoning for Explainable Recommendation},
  year      = {2020},
  address   = {New York, NY, USA},
  pages     = {1645--1654},
  publisher = {Association for Computing Machinery},
  series    = {CIKM '20},
  doi       = {10.1145/3340531.3412038},
  isbn      = {9781450368599},
  keywords  = {recommender systems, path reasoning, neural symbolic reasoning, knowledge graph, explainable recommendation},
  location  = {Virtual Event, Ireland},
  numpages  = {10},
  url       = {https://github.com/orcax/CAFE},
}


@Misc{Qian2021,
  author    = {Qian, Haifeng and Marinescu, Radu and Gray, Alexander and Bhattacharjya, Debarun and Barahona, Francisco and Gao, Tian and Riegel, Ryan and Sahu, Pravinda},
  title     = {Logical Credal Networks},
  year      = {2021},
  copyright = {arXiv.org perpetual, non-exclusive license},
  doi       = {10.48550/ARXIV.2109.12240},
  keywords  = {Artificial Intelligence (cs.AI), Logic in Computer Science (cs.LO), FOS: Computer and information sciences, FOS: Computer and information sciences},
  publisher = {arXiv},
  url       = {https://github.com/radum2275/crema},
}

 
@Article{Ciatto2021,
  author    = {Ciatto, Giovanni and Calegari, Roberta and Omicini, Andrea},
  journal   = {SoftwareX},
  title     = {2P-Kt: A logic-based ecosystem for symbolic AI},
  year      = {2021},
  issn      = {2352-7110},
  month     = dec,
  pages     = {100817},
  volume    = {16},
  doi       = {10.1016/j.softx.2021.100817},
  publisher = {Elsevier BV},
  url       = {https://github.com/tuProlog/2p-kt},
}

@InProceedings{Fabiano2023,
  author    = {Francesco Fabiano and Vishal Pallagani and Marianna Bergamaschi Ganapini and Lior Horesh and Andrea Loreggia and Keerthiram Murugesan and Francesca Rossi and Biplav Srivastava},
  booktitle = {Neuro-Symbolic Learning and Reasoning in the era of Large Language Models},
  title     = {Plan-{SOFAI}: A Neuro-Symbolic Planning Architecture},
  year      = {2023},
  eprint    = {https://openreview.net/forum?id=ORAhay0H4x},
  url       = {https://github.com/FrancescoFabiano/SOFAI-x-Planning},
}

@InProceedings{Agravante2023,
  author    = {Don Joven Agravante and Daiki Kimura and Michiaki Tatsubori},
  booktitle = {PRL Workshop Series {\textendash} Bridging the Gap Between AI Planning and Reinforcement Learning},
  title     = {Learning Neuro-Symbolic World Models with Logical Neural Networks},
  year      = {2023},
  eprint    = {https://openreview.net/forum?id=VD0ksRTljb},
  url       = {https://github.com/IBM/LNN},
}


@misc{IHMC_Explainable_AI,
  author = {{Institute for Human \& Machine Cognition (IHMC)}},
  title = {Publications on Explainable AI},
  year = {2024},
  url = {https://www.ihmc.us/publications-on-explainable-ai/},
  note = {Accessed: 2024-05-15}
}

@article{Kuennecke2024,
 author = {Felix Künnecke and Anna Filighera and Colin Leong and Tim Steuer},
 doi = {10.18653/v1/2023.bea-1.29},
 journal = {arXiv preprint arXiv:2403.01811},
 note = {Submitted 19 March, 2024; v1 submitted 4 March, 2024; originally announced March 2024},
 title = {Enhancing Multi-Domain Automatic Short Answer Grading through an Explainable Neuro-Symbolic Pipeline},
 url = {https://github.com/iwangjian/Paper-Reading-ConvAI},
 year = {2024}
}

@article{lecun2022path,
  title={A Path Towards Autonomous Machine Intelligence},
  author={LeCun, Yann},
  journal={OpenReview Archive},
  year={2022},
  month={June 27},
  url={https://openreview.net/forum?id=BZ5a1r-kVsf},
  note={Direct Upload}
}



\end{filecontents}

\documentclass[a4paper,12pt,leqno,openbib,oneside,oldfontcommands]{IEEEtran}
\usepackage[square,numbers,sort&compress]{natbib}   %Calls bibliography commands
     
\usepackage{url}                                 %Supports url commands
\def\UrlBreaks{\do\/\do-}                    %Added by Upasana to break long url line in bibliography       
\usepackage{pbsi}
\usepackage[colorlinks=blue, urlcolor=blue, citecolor=blue]{hyperref}                        %Added by Upasana as was having
\usepackage{natbib,hyperref}


%\begin{document}
%\nocite{*}
%\bibliographystyle{IEEEtran}
%\bibliography{references}
%\end{document}



